3092 4717
1145 449 1266 505 V11
1300 448 1657 518 (12)—V111.
2445 453 2522 514 11

271 618 579 694 corrupti
602 621 844 693 mente,
866 615 1138 693 reprobi
1159 618 1343 676 circa
1367 615 1597 693 fidem,
1626 615 1903 694 superbi
1936 617 2003 676 et
2034 615 2206 677 nihil
2235 619 2525 677 scientes

271 722 402 785 sed
440 723 829 800 lanquentes
875 726 1057 783 circa
1102 724 1530 800 quaestiones
1578 728 1648 783 et
1690 738 1956 800 puynas
1997 722 2369 800 verborum,
2413 725 2527 799 qui

274 834 557 893 veritate
587 832 850 909 privati
880 835 1059 907 sunt,
1091 833 1563 891 existimantes
1596 836 1942 907 quaestum
1990 846 2141 891 esse
2174 833 2522 908 pietatem.

274 936 498 999 Simul
541 942 762 997 autem
812 942 880 998 et
920 940 1127 998 otiosi
1158 937 1426 998 discunt
1452 938 1809 997 circumire
1841 935 2092 1012 domos,
2142 953 2275 997 non
2306 937 2523 997 solum

275 1051 500 1106 aulem
534 1047 738 1105 otiosi
782 1044 908 1105 sed
935 1050 1005 1105 et
1031 1044 1297 1104 verbosi
1343 1049 1409 1104 et
1453 1046 1733 1120 curiosi,
1784 1043 2127 1121 loquentes
2174 1060 2345 1121 quae
2389 1057 2570 1124 nans

278 1157 574 1230 oportet;
632 1147 743 1231 qui
807 1151 1043 1212 bonam
1105 1154 1581 1212 conscientiam
1638 1152 2041 1229 repellentes
2086 1154 2269 1211 circa
2321 1150 2521 1227 fidem

274 1259 889 1335 naufrayaverunt;
935 1274 1206 1337 quorum
1241 1259 1545 1337 profana
1592 1259 1975 1336 vaniloquia
2015 1259 2291 1319 multum
2321 1260 2523 1337 profi-

271 1369 460 1427 ciunt
481 1366 573 1426 ad
599 1368 1034 1444 impietatem,
1065 1370 1133 1425 et
1160 1382 1381 1426 sermo
1416 1380 1643 1426 eorum
1678 1371 1752 1426 ut
1780 1383 2022 1427 cancer
2043 1369 2277 1444 serpit.
2340 1360 2521 1426 Bene

269 1475 513 1550 autem,
565 1468 735 1550 quod
769 1467 849 1532 de
880 1467 980 1532 his
1017 1468 1174 1533 item
1220 1467 1557 1532 scribitur:
1606 1470 1735 1532 sed
1759 1472 1944 1532 ultra
1975 1489 2108 1533 non
2127 1471 2522 1551 proficiunt5

268 1582 666 1657 insipientia
713 1581 889 1639 enim
952 1595 1182 1640 eorum
1234 1578 1609 1655 manifesta
1662 1581 1799 1639 erit
1849 1578 2175 1657 omnibus,
2227 1583 2406 1640 sicut
2454 1585 2525 1640 et
2541 1596 2593 1636 10

268 1687 544 1747 illorum
582 1686 742 1763 suit.

450 1788 644 1856 VIII.
694 1787 860 1853 Cum
915 1810 1066 1873 ergo
1126 1788 1290 1854 tales
1338 1789 1600 1871 quidam
1646 1788 2113 1855 circumeuntes
2160 1789 2520 1872 provincias

273 1901 338 1960 et
394 1896 684 1961 civitates
729 1904 928 1978 atque
976 1916 1225 1960 errores
1271 1895 1608 1961 venalitios
1654 1895 2158 1962 circumferendo
2209 1897 2403 1961 etiam
2436 1895 2520 1959 ad

278 2001 549 2068 Galatas
614 2002 1049 2083 devenissent,
1121 2022 1394 2085 cumque
1463 2002 1562 2066 his
1626 2002 1863 2067 auditis
1930 2001 2208 2068 Galatae
2277 2024 2520 2068 nausea

277 2108 552 2191 quadam
602 2110 888 2174 veritatis
935 2109 1177 2173 adfecti
1223 2109 1615 2192 apostolicae
1663 2109 2149 2192 catholicaeque
2186 2109 2518 2174 doctrinae
2538 2128 2591 2169 15

273 2236 511 2280 manna
554 2220 956 2281 revomentes
1001 2215 1367 2281 haereticae
1415 2216 1720 2280 novitatis
1767 2214 2065 2280 sordibus
2116 2215 2519 2281 oblectaren-

269 2328 406 2403 tur,
469 2323 563 2387 ita
617 2344 758 2388 sese
820 2323 1218 2407 apostolicae
1275 2322 1623 2405 potestatis
1670 2323 1953 2388 exseruit
1999 2323 2385 2404 auctoritaS‚
2444 2328 2521 2387 ut

269 2452 516 2495 summa
562 2451 711 2494 cum
756 2431 1099 2496 severitate
1147 2431 1552 2496 decerneret:
1601 2434 1728 2495 sed
1753 2435 1915 2495 licet
1941 2440 2063 2495 aut
2099 2451 2246 2513 nos,
2289 2430 2517 2512 inquit,

271 2546 388 2601 aut
434 2541 714 2618 anqelus
762 2541 845 2603 de
891 2543 1074 2603 caelo
1123 2544 1535 2619 evanyelizet
1576 2542 1784 2621 vobis,
1820 2547 2298 2621 praeterquam
2346 2540 2525 2618 quod

275 2649 876 2724 evangelizavimus
900 2649 1107 2727 vobis,
1135 2650 1492 2711 anatliema
1516 2653 1628 2710 sit.
1703 2645 1874 2729 Quid
1900 2650 2018 2724 est,
2048 2644 2224 2727 quod
2249 2643 2372 2708 ait:
2399 2646 2526 2708 sed
2538 2664 2593 2704 20

272 2754 430 2815 licet
455 2759 627 2816 nos?
698 2749 834 2816 Cur
862 2773 993 2817 non
1023 2752 1270 2833 potius:
1320 2753 1437 2817 sed
1466 2753 1617 2816 licet
1648 2752 1813 2835 ego?
1892 2750 2046 2816 Hoc
2093 2759 2221 2815 est:
2270 2750 2524 2813 etiamsi

270 2856 531 2941 Petrus,
580 2859 833 2923 etiamsi
862 2858 1190 2941 AndreaS,
1240 2860 1491 2924 etiamsi
1525 2859 1580 2923 J
1583 2879 1843 2941 oannes,
1894 2858 2145 2924 etiamsi
2189 2862 2518 2941 postremo

270 2964 480 3029 omnis
527 2965 980 3048 apostolorum
1027 2968 1264 3031 chorus
1311 2972 1729 3048 evanqelizet
1777 2970 1986 3049 vobis,
2035 2977 2518 3050 praeterquam
2582 3008 2587 3014 ·

268 3076 447 3152 quod
490 3077 1118 3156 evanyelizavimus,
1174 3078 1528 3139 anatliema
1576 3081 1690 3139 sit.
1770 3073 2134 3139 Tremenda
2178 3073 2518 3153 districti0‚

268 3184 544 3261 propter
602 3179 1027 3246 adserendam
1084 3180 1328 3263 primae
1387 3179 1541 3246 fidei
1598 3182 2018 3246 tenacitatem
2065 3201 2186 3244 nec
2233 3181 2355 3244 sibi
2399 3201 2518 3244 nec
2537 3202 2591 3243 25

273 3286 502 3350 ceteris
535 3286 931 3369 coapostolis
962 3288 1350 3370 pepercisse.
1426 3287 1669 3352 Parum
1701 3295 1820 3355 est.
1897 3287 2181 3352 Etiamsi
2212 3292 2514 3368 anyelus,

275 3390 501 3473 inquit,
528 3396 612 3457 de
626 3399 814 3458 caelo
831 3399 1239 3475 evanqelizet
1262 3398 1470 3477 vobis,
1481 3404 1963 3478 praeterquam
1989 3397 2168 3475 quod
2186 3398 2517 3474 evanqeli-

273 3504 591 3580 zavimus,
618 3503 973 3565 anatliema
996 3508 1110 3566 sit.
1170 3499 1238 3564 N
1242 3519 1329 3566 on
1352 3500 1695 3567 suffecerat
1724 3501 1810 3566 ad
1842 3501 2203 3566 custodiam
2238 3501 2518 3566 traditae

272 3605 469 3667 semel
496 3604 666 3688 fidei,
698 3607 1021 3673 humanae
1052 3607 1437 3673 conditionis
1470 3627 2007 3674 commemorasse
2030 3613 2348 3687 naturam,
2397 3607 2520 3671 nisi

271 3711 624 3792 angelicam
673 3734 932 3797 quoque
979 3713 1421 3780 excellentiam
1454 3715 2069 3799 comprehendisset.
2146 3718 2338 3781 Licet
2374 3735 2519 3797 nos,
2537 3742 2592 3782 ao

451 3874 479 3925 1
523 3875 572 3926 1.
610 3873 758 3931 Tim.
793 3875 843 3939 6,
880 3876 932 3926 4.
1225 3880 1262 3929 2
1302 3877 1350 3928 1.
1388 3875 1530 3928 Tim.
1570 3877 1622 3942 6,
1661 3876 1712 3930 5.
1997 3878 2034 3931 4
2073 3878 2121 3929 1.
2159 3876 2301 3930 Tim.
2341 3875 2391 3940 5,
2433 3875 2518 3927 13.

274 3961 307 4012 6
346 3962 393 4014 1.
430 3962 574 4019 Tim.
617 3965 664 4031 1,
706 3964 793 4017 19.
1095 3967 1127 4018 7
1166 3965 1216 4019 2.
1255 3965 1396 4019 Tim.
1434 3968 1486 4033 2,
1527 3967 1613 4018 16.
1653 3968 1737 4019 17.
2038 3968 2071 4019 s
2108 3968 2159 4019 a.
2197 3964 2337 4017 Tim.
2375 3966 2427 4031 3,
2465 3965 2517 4016 9.

271 4050 339 4102 18
377 4050 502 4106 Gal.
544 4053 593 4118 1,
632 4055 682 4106 s.
