3092 4717
1321 393 1437 449 XV
1473 393 1608 463 (21).
2504 398 2587 458 23

328 562 412 620 ut
458 553 784 620 Christum
829 577 958 621 non
1003 555 1196 621 modo
1246 576 1442 618 unum
1489 554 1607 619 sed
1653 554 1849 619 etiam
1895 575 2148 637 semper
2192 576 2392 618 unum
2439 575 2589 620 con·

327 660 654 745 fiteamur,
689 662 840 745 quia
855 662 1260 728 intoleranda
1282 661 1682 743 blasphemia
1705 666 1824 744 est,
1857 666 1951 741 ut,
1978 660 2230 725 etiamsi
2253 682 2424 726 nunc
2448 682 2594 725 eum

326 792 533 834 unum
580 790 720 835 esse
767 770 1113 850 concedaS,
1174 769 1522 852 aliquando
1570 774 1789 833 tamen
1845 790 1973 833 non
2019 790 2219 833 unum
2266 768 2384 833 sed
2429 768 2593 834 duos

326 876 529 941 fuisse
560 876 935 960 contendas,
983 898 1182 941 unum
1229 876 1472 940 scilicet
1502 882 1658 959 post
1688 881 1945 960 tempus
1976 875 2405 958 baptismatiS,
2431 875 2591 940 duos

327 1005 486 1049 vero
536 983 655 1048 sub
703 989 996 1066 tempore
1041 983 1418 1050 nativitatis,
1514 981 1709 1066 Quod
1753 984 2130 1048 immensum
2187 983 2592 1065 sacrilegium
2611 1007 2640 1048 5

327 1111 463 1154 non
510 1090 699 1155 aliter
742 1090 1038 1173 profecto
1085 1090 1288 1155 vitare
1346 1090 1734 1172 poterimuS,
1800 1091 1924 1154 nisi
1968 1091 2218 1155 unitum
2271 1089 2595 1154 hominem

327 1197 478 1278 deo,
529 1196 641 1262 sed
685 1197 938 1262 unitate
970 1216 1309 1279 personae,
1357 1218 1490 1262 non
1521 1197 1603 1262 ab
1638 1197 1957 1262 adscensu
1987 1198 2088 1263 vel
2122 1198 2592 1262 resurrectione

325 1304 431 1369 vel
476 1304 820 1387 baptismo,
884 1304 999 1368 sed
1043 1305 1172 1368 iam
1218 1304 1282 1368 in
1329 1309 1559 1385 matre,
1607 1306 1737 1369 iam
1780 1304 1848 1369 in
1894 1311 2099 1387 utero,
2148 1305 2279 1369 iam
2319 1304 2593 1388 denique

325 1414 390 1478 in
439 1413 586 1496 ipsa
630 1412 924 1495 virginali
983 1413 1408 1494 conceptione
1465 1412 1818 1495 fateamur3
1866 1417 2134 1496 propter
2194 1432 2389 1495 quam
2448 1432 2593 1494 per-

328 1542 530 1586 sonae
577 1521 888 1585 unitatem
935 1515 1375 1585 indifferenter
1423 1520 1480 1585 ei
1526 1525 1723 1603 atque
1753 1519 2117 1601 promiscue
2137 1525 2240 1612 ¹et,
2290 1539 2456 1601 quae
2488 1518 2593 1584 dei
2613 1543 2664 1583 ιο

328 1634 482 1693 sunt
526 1629 810 1711 propria,
858 1627 1227 1693 tribuuntur
1257 1627 1520 1709 homini,
1571 1633 1656 1708 et,
1705 1647 1870 1710 quae
1903 1627 2110 1691 carnis
2141 1625 2428 1708 propria,
2477 1625 2584 1690 ad·

327 1734 701 1800 scribuntur
747 1735 891 1800 deo.
971 1735 1136 1799 Inde
1183 1745 1282 1800 est
1330 1736 1515 1815 enim,
1565 1734 1743 1818 quod
1792 1732 2093 1797 divinitus
2126 1732 2436 1815 scriptum
2468 1738 2587 1814 est,

329 1847 395 1907 et
433 1846 647 1922 filium
694 1846 983 1907 homini-s·
1030 1845 1458 1907 descendisse
1501 1846 1586 1907 de
1615 1845 1802 1906 caelo
1845 1845 1910 1905 et
1957 1844 2294 1905 dominum
2344 1846 2584 1905 maie-5-

337 1957 497 2014 tatz‘s
541 1952 929 2028 crucifixum
975 1948 1041 2011 in
1086 1954 1278 2013 terra.
1371 1947 1533 2012 Inde
1582 1948 1774 2010 etiam
1825 1952 1940 2026 est,
1990 1952 2065 2010 ut
2111 1967 2304 2011 carne
2353 1946 2593 2011 domini

337 2054 525 2138 facta,
575 2077 770 2120 carne
818 2054 1061 2119 domini
1108 2060 1350 2135 creata,
1399 2054 1609 2136 ipsum
1657 2057 1925 2118 verbum
1978 2052 2081 2117 dei
2121 2058 2409 2135 factum,
2452 2054 2592 2136 ipsa
2612 2072 2668 2116 15

340 2162 648 2245 sapientia
695 2163 798 2227 dei
843 2160 1127 2244 impleta,
1177 2160 1447 2225 scientia
1493 2166 1716 2225 creata
1752 2160 2028 2242 dicatur,
2079 2161 2250 2226 sicut
2295 2161 2363 2223 in
2407 2181 2590 2242 prae-

332 2270 597 2335 scientia
621 2289 861 2335 manus
882 2268 1080 2353 ipsius
1108 2278 1180 2332 et
1193 2270 1406 2349 pedes
1427 2272 1611 2347 fossi
1642 2288 1781 2331 esse
1813 2248 2201 2332 referuntur.
2251 2268 2379 2332 Per
2402 2269 2588 2348 hanc,

326 2377 586 2459 inquam
608 2426 623 2457 ,
701 2396 1015 2458 personae
1089 2376 1407 2439 unitatem
1473 2373 1632 2438 illud
1702 2396 1960 2457 quoque
2025 2376 2245 2440 similis
2309 2377 2594 2460 mysterii

327 2485 583 2549 ratione
629 2483 986 2566 perfectum
1032 2488 1152 2565 est,
1200 2487 1297 2564 ut,
1345 2503 1539 2546 carne
1563 2482 1742 2547 verbi
1789 2503 1869 2548 ex
1912 2484 2163 2567 integra
2208 2490 2414 2548 matre
2446 2505 2590 2549 nas-

330 2596 542 2673 cente,
590 2591 730 2673 ipse
778 2589 937 2654 deus
962 2589 1229 2655 verbum
1274 2596 1466 2654 natus
1514 2610 1594 2654 ex
1623 2590 1860 2674 virgine
1909 2590 2404 2655 catholicissime
2454 2612 2662 2658 cre-20

331 2698 545 2778 datur,
593 2697 964 2780 impiissime
1013 2698 1384 2780 denegetur.
2670 2714 2673 2717 ’

512 2805 696 2890 Quae
745 2826 892 2869 cum
935 2806 1031 2870 ita
1077 2805 1226 2887 sint,
1273 2804 1459 2886 absit,
1510 2810 1586 2869 ut
1617 2805 1961 2889 quisquam
1994 2810 2282 2870 sanctam
2308 2805 2590 2869 Mariam

334 2913 584 2978 divinae
633 2913 879 2996 gratiae
926 2912 1269 2996 privilegiis
1317 2918 1383 2977 et
1429 2913 1691 2995 speciali
1722 2913 1929 2996 gloria
1958 2914 2263 2978 fraudare
2297 2919 2588 2979 conetur.

331 3021 459 3086 Est
505 3021 674 3085 enim
721 3020 1026 3105 singulari
1072 3020 1353 3104 quodam
1400 3021 1641 3085 domini
1686 3042 1762 3086 ac
1810 3020 1913 3085 dei
1966 3022 2174 3085 nostri
2218 3019 2330 3085 filii
2375 3028 2590 3085 autem

335 3129 432 3192 sui
477 3149 742 3193 munere
774 3128 1097 3193 verissime
1138 3149 1215 3193 ac
1260 3127 1628 3194 beatissime
1674 3128 2018 3194 theotocos
2051 3127 2439 3210 confitenda,
2475 3128 2589 3193 sed
2609 3154 2662 3195 25

333 3257 465 3301 non
513 3257 589 3300 eo
636 3237 832 3301 modo
881 3237 1243 3313 theotocOS‚
1291 3257 1419 3317 quo
1464 3236 1665 3318 impia
1711 3236 2027 3317 quaedam
2068 3236 2354 3300 haeresis
2386 3238 2589 3320 suspi-

336 3348 540 3425 catur,
589 3364 756 3426 quae
805 3343 1051 3407 adserit
1096 3364 1239 3407 eam
1286 3342 1389 3407 dei
1419 3348 1696 3407 matrem
1728 3341 1866 3407 sola
1896 3341 2328 3425 appellatione
2377 3344 2588 3408 dicen-

336 3450 505 3532 dam,
555 3470 722 3532 quae
771 3472 916 3515 eum
946 3449 1189 3514 scilicet
1219 3450 1544 3533 pepererit
1583 3449 1927 3530 hominem,
1978 3450 2089 3533 qui
2119 3456 2350 3534 postea
2378 3450 2589 3515 factus

337 3562 438 3621 est
469 3557 648 3637 deuS,
685 3557 854 3621 sicut
886 3557 1152 3621 dicimus
1184 3556 1541 3640 presbyteri
1563 3562 1840 3622 matrem
1863 3562 1979 3621 aut
2003 3557 2289 3639 episcopi
2318 3562 2590 3622 matrem

334 3684 465 3727 non
511 3664 638 3728 iam
685 3651 1133 3749 presbyterum
1180 3668 1296 3728 aut
1328 3664 1700 3747 episcopum
1731 3664 2041 3747 pariendo
2076 3653 2191 3729 sed
2223 3686 2370 3729 eum
2402 3685 2588 3748 gene·
2609 3688 2662 3727 ao

335 3770 543 3835 raudo
590 3770 944 3853 hominem,
1007 3771 1117 3854 qui
1160 3774 1392 3854 postea
1450 3770 1788 3855 presbyter
1830 3772 1933 3837 vel
1993 3773 2333 3856 episcopus
2377 3771 2588 3837 factus

518 3932 587 3983 13
612 3930 744 3984 Joh.
773 3932 824 3999 3,
854 3932 937 3984 13.
1109 3932 1175 3985 13
1205 3932 1252 3983 1.
1281 3930 1405 3983 cor.
1435 3932 1484 3997 2,
1512 3932 1563 3983 s.
1735 3932 1802 3984 15
1827 3931 1959 3985 Joh.
1990 3933 2152 3997 1,14.
2328 3933 2395 3983 16
2419 3930 2586 3985 Prov.

335 4003 388 4069 s,
416 4003 671 4055 22-25?
888 4004 953 4054 17
979 4001 1071 4055 Ps.
1099 4005 1166 4055 21
1198 4000 1331 4072 (22),
1361 4003 1444 4054 17.
