3092 4717
623 402 710 464 46
1315 401 1583 457 XXVm
1622 402 2011 471 (40)—XXIX
2049 405 2180 472 (41).

622 565 729 624 tus
775 562 1189 644 respiciatur:
1240 585 1368 645 quo
1417 564 1587 629 malo
1620 565 1834 629 nescio
1868 585 1953 629 an
1985 565 2338 649 quidquam
2379 566 2672 631 acerbius
2707 568 2875 651 cogi-

620 667 749 732 tari
795 674 1009 751 queat.
1105 667 1299 752 Quod
1343 675 1564 735 tamen
1608 671 1791 735 iuxta
1847 673 2269 753 apostolicam
2315 674 2877 739 comminationem

620 774 970 859 Pelagiano
1018 777 1109 841 illi
1137 778 1509 860 provenisse
1542 778 1862 843 cernimus
1895 778 1946 844 J
1948 779 2186 860 uliano,
2237 781 2347 862 qui
2379 802 2447 844 se
2480 781 2877 864 collegarum

621 884 837 948 sensui
869 888 982 948 aut
1012 884 1428 967 incorporare
1474 884 1758 968 neglexit
1791 890 1905 950 aut
1945 908 2375 969 excorporare
2420 888 2872 970 praesumpsit.

574 1013 601 1054 5
800 988 933 1055 Sed
962 992 1091 1055 iam
1123 997 1379 1075 tempus
1413 997 1530 1075 est,
1565 998 1637 1056 ut
1666 992 2022 1074 pollicitum
2051 993 2457 1075 proferamus
2497 995 2874 1078 exemplum,

620 1098 730 1162 ubi
777 1103 845 1162 et
891 1100 1216 1181 quomodo
1280 1105 1651 1165 sanctorum
1712 1105 1971 1183 patrum
2027 1103 2385 1166 sententiae
2442 1109 2876 1186 congregatae

621 1204 769 1287 sint,
818 1211 891 1269 ut
939 1206 1291 1270 secundum
1339 1229 1450 1272 eas
1499 1229 1579 1272 ex
1626 1208 1890 1273 decreto
1939 1214 2136 1291 atque
2184 1210 2573 1274 auctoritate
2623 1211 2878 1276 concilii

619 1312 1094 1379 ecclesiasticae
1152 1313 1303 1378 fidei
1346 1314 1577 1397 regula
1640 1313 1965 1397 figeretur.
2060 1312 2255 1398 Quod
2302 1338 2429 1399 quo
2477 1317 2876 1382 commodius

617 1417 753 1500 fiat,
801 1419 905 1483 hic
954 1420 1036 1485 sit
1079 1421 1209 1484 iam
1255 1421 1442 1486 huius
1491 1422 1965 1487 commonitorii
2010 1423 2261 1506 modus,
2311 1430 2386 1488 ut
2418 1429 2657 1504 cetera,
2708 1446 2876 1508 quae

547 1554 600 1593 10
621 1531 997 1609 sequuntur,
1044 1528 1126 1592 ab
1175 1528 1300 1604 alio
1348 1550 1673 1593 sumamus
1723 1530 2011 1595 exordio.

941 1685 1322 1770 SECUNDUM
1348 1706 1932 1753 COMMONITORIUM
1954 1709 2435 1757 INTERLAPSUM
2456 1710 2612 1774 EST3
2644 1710 2875 1769 NEQUE

830 1811 921 1856 Ex
965 1802 1055 1884 Eo
1103 1812 1397 1860 AMPLIUS
1446 1812 1807 1871 QUIDQUAM
1852 1813 2042 1872 QUAM
2084 1814 2446 1863 POSTREMA
2489 1816 2878 1863 PARTICULA

830 1918 1194 1982 REMANSIT,
1242 1920 1317 1965 ID
1350 1920 1476 1968 Es'r
1524 1919 1698 1968 sonA
1737 1920 2310 1986 RECAPITULATIO,
2358 1922 2539 1981 QUAE
2586 1924 2674 1970 ET
2722 1923 2875 1971 SUB-

828 2024 1038 2072 IEGTA
1083 2027 1228 2075 EST.

545 2196 599 2236 15
795 2168 1078 2235 XXIX.
1129 2170 1269 2256 (41)
1314 2167 1499 2253 Quae
1549 2149 1695 2235 cum
1727 2173 1821 2236 ita
1852 2172 1999 2251 sint,
2047 2172 2177 2236 iam
2210 2178 2464 2253 tempus
2498 2177 2615 2253 est,
2664 2178 2737 2236 ut
2770 2194 2869 2254 ea,

617 2297 782 2358 quae
830 2277 1078 2342 duobus
1124 2277 1223 2341 his
1272 2278 1782 2342 commonitoriis
1829 2278 2003 2341 dicta
2050 2283 2220 2359 sunt,
2268 2279 2334 2340 in
2380 2278 2568 2340 huius
2602 2278 2870 2341 secundi

614 2381 740 2446 fine
787 2383 1304 2464 recapitulemus.
1421 2383 1720 2446 Diximus
1779 2384 1846 2446 in
1907 2383 2374 2465 superioribus,
2441 2382 2610 2446 hanc
2674 2381 2869 2448 fuisse

614 2509 868 2571 semper
927 2495 992 2552 et
1056 2510 1196 2553 esse
1261 2488 1583 2572 hodieque
1644 2489 2110 2554 catholicorum
2171 2489 2732 2572 consuetudinem,
2792 2497 2866 2555 ut

612 2595 806 2659 fidem
854 2616 1068 2659 veram
1131 2595 1384 2660 duobus
1443 2596 1541 2660 his
1604 2597 1812 2661 modis
1868 2596 2258 2679 adprobent:
2329 2597 2608 2678 primum
2672 2597 2869 2661 divini

539 2729 593 2768 20
613 2704 872 2766 canonis
934 2704 1349 2786 auctoritate,
1418 2704 1649 2769 deinde
1710 2704 2019 2769 ecclesiae
2085 2704 2441 2770 catholicae
2497 2704 2864 2769 traditione.

609 2809 764 2874 Non
813 2811 964 2892 quia
1009 2832 1219 2875 canon
1251 2812 1425 2876 solus
1456 2833 1586 2876 non
1620 2811 1742 2877 sibi
1775 2812 1858 2876 ad
1890 2812 2185 2876 universa
2217 2810 2518 2894 sufficiat,
2566 2811 2680 2877 sed
2713 2812 2866 2895 quia

609 2918 806 2982 verba
853 2917 1066 2981 divina
1112 2940 1231 3001 pro
1281 2939 1400 2983 suo
1432 2919 1726 3002 plerique
1759 2919 2081 2984 arbitratu
2118 2920 2622 3001 interpretantes
2652 2920 2863 2983 varias

613 3024 948 3106 opiniones
997 3046 1379 3108 erroresque
1427 3025 1826 3107 concipiant,
1885 3031 2081 3108 atque
2128 3026 2273 3091 ideo
2320 3046 2583 3090 necesse
2632 3026 2732 3107 sit,
2791 3033 2864 3091 ut

610 3130 695 3194 ad
741 3152 934 3194 unam
982 3130 1398 3196 ecclesiastici
1444 3152 1670 3196 sensus
1716 3132 2005 3214 regulam
2038 3133 2395 3216 scripturae
2428 3132 2722 3197 caelestis
2768 3133 2864 3196 in-

535 3264 589 3304 25
608 3236 963 3320 telligentia
1009 3238 1345 3321 dirigatur,
1416 3239 1483 3302 in
1527 3238 1628 3302 his
1676 3238 2013 3304 dumtaxat
2074 3240 2420 3323 praecipue
2469 3239 2861 3321 quaestioni-

606 3342 753 3427 bus,
803 3344 1035 3427 quibus
1081 3345 1283 3409 totius
1331 3345 1638 3410 catholici
1698 3346 2021 3429 dogmatis
2078 3346 2500 3410 fundamenta
2543 3346 2857 3410 nituntur.

603 3451 774 3517 Item
822 3452 1117 3534 diximuS,
1163 3452 1229 3515 in
1273 3452 1418 3535 ipsa
1462 3474 1686 3518 rursus
1734 3453 2005 3517 ecclesia
2048 3453 2483 3517 universitatis
2514 3453 2760 3536 pariter
2792 3460 2857 3516 et

604 3559 1010 3642 antiquitatis
1058 3561 1549 3626 consensionem
1597 3561 1879 3645 spectari
1928 3565 2253 3643 oportere,
2300 3581 2381 3625 ne
2428 3549 2543 3625 aut
2590 3560 2672 3624 ab
2720 3559 2858 3623 uni-

601 3667 760 3730 tatis
821 3666 1193 3749 integritate
1254 3666 1321 3730 in
1377 3673 1632 3750 partem
1693 3667 2053 3732 schismatis
2115 3666 2592 3751 abrumpamur,
2660 3675 2775 3731 aut
2822 3688 2855 3731 e

531 3774 943 3838 sovetustatis
975 3773 1282 3855 religione
1306 3774 1373 3838 in
1395 3774 1750 3839 haereseon
1773 3774 2095 3838 novitates
2121 3774 2640 3856 praecipitemur.
2688 3774 2857 3838 Item

603 3880 898 3963 diximuS,
945 3880 1012 3944 in
1057 3880 1201 3963 ipsa
1232 3881 1541 3948 ecclesiae
1572 3886 1897 3947 vetustate
1932 3881 2058 3946 duo
2092 3882 2410 3965 quaedam
2441 3881 2856 3946 vehementer

601 3988 1013 4070 studioseque
1062 3987 1491 4071 observanda,
1557 3989 1787 4071 quibus
1833 3990 2091 4072 penitus
2136 3988 2470 4053 inhaerere
2518 3988 2849 4072 deberent,
