3092 4717
1151 424 1363 478 xxm
1399 423 1726 495 (29)-(31).
2477 431 2562 491 35

314 588 380 649 et
423 584 735 649 universis
782 584 1066 668 partium
1098 607 1359 650 suarum
1390 586 1707 650 mensuris
1740 587 2118 669 cunctisque
2152 587 2339 670 quasi
2368 609 2563 652 mem-

312 691 444 757 bris
490 712 568 755 ac
615 690 906 756 sensibus
953 692 1232 775 propriis
1279 692 1539 774 plenum
1587 698 1784 775 atque
1828 693 2189 776 perfectum
2235 694 2341 775 sit,
2390 694 2566 776 quod

311 796 468 863 nihil
499 803 841 881 praeterea
870 799 1366 881 permutationis
1397 799 1726 882 admittat,
1774 800 1954 864 nulla
1982 801 2401 883 proprietatis
2438 801 2565 865 dis-

310 903 568 987 pendia,
617 904 855 969 nullam
904 903 1293 970 definitionis
1340 907 1659 971 sustineat
1705 907 2105 972 varietatem.

491 1013 630 1097 (30)
676 1011 976 1096 Exempli
1021 1013 1261 1096 gratia:
1311 1018 1613 1077 severunt
1644 1014 1921 1078 maiores
1962 1014 2169 1078 nostri
2200 1013 2562 1096 antiquitus
2582 1038 2608 1078 5

308 1121 375 1183 in
421 1119 545 1183 hac
593 1118 1027 1184 ecclesiastica
1081 1125 1297 1202 segete
1353 1119 1649 1185 triticeae
1706 1118 1859 1185 fidei
1905 1122 2166 1186 semina.
2259 1120 2564 1203 Iniquum

309 1225 498 1291 valde
570 1232 636 1291 et
703 1226 1124 1308 incongruum
1195 1233 1328 1307 est,
1388 1231 1461 1289 ut
1526 1248 1648 1291 nos
1697 1248 1922 1292 eorum
1965 1227 2214 1311 posteri
2257 1247 2377 1309 pro
2424 1248 2564 1310 ger-

309 1355 502 1398 mana
570 1333 841 1397 veritate
909 1332 1214 1398 frumenti
1282 1332 1676 1398 subditivum
1729 1333 2006 1398 zizaniae
2053 1333 2341 1416 legamus
2390 1355 2564 1398 erro-

310 1463 467 1507 rem.
565 1438 738 1523 Quin
806 1442 1026 1523 potius
1093 1440 1218 1505 hoc
1285 1445 1538 1505 rectum
1608 1451 1674 1505 et
1722 1461 2125 1523 consequens
2180 1444 2300 1522 est,
2350 1445 2423 1505 ut
2480 1479 2562 1488 —

313 1548 531 1631 primis
579 1554 778 1630 atque
826 1549 1126 1612 extremis
1175 1548 1429 1613 sibimet
1475 1568 1609 1612 non
1657 1546 2168 1629 discrepantibus
2218 1584 2301 1593 —
2350 1548 2430 1612 de
2468 1548 2562 1611 in-
2583 1570 2634 1609 10

315 1655 656 1720 crementis
724 1655 1020 1720 triticeae
1095 1655 1519 1720 institutionis
1597 1654 1835 1719 triticei
1913 1675 2171 1737 quoque
2242 1654 2563 1737 dogmatis

313 1760 563 1844 frugem
612 1760 1031 1844 demetamuS,
1078 1768 1170 1840 ut,
1222 1783 1368 1825 cum
1414 1761 1657 1845 aliquid
1690 1783 1769 1826 ex
1798 1761 1920 1825 illis
1952 1761 2264 1825 seminum
2293 1761 2563 1843 primor-

318 1869 428 1933 diis
476 1889 745 1933 accessu
789 1869 1097 1952 temporis
1145 1869 1494 1952 evolvatur,
1544 1875 1611 1935 et
1656 1891 1829 1933 nunc
1874 1868 2154 1934 laetetur
2200 1874 2267 1934 et
2313 1868 2562 1934 excola-

325 1982 441 2058 tur,
516 1975 673 2039 nihil
734 1979 953 2039 tamen
1000 1975 1080 2040 de
1128 1976 1429 2058 germinis
1475 1976 1876 2059 proprietate
1922 1981 2236 2040 mutetur:
2286 1975 2565 2042 addatur

323 2080 457 2147 h'cet
506 2082 757 2164 species
812 2082 1020 2146 forma
1067 2081 1420 2165 distinctio,
1470 2083 1697 2148 eadem
1742 2090 1961 2147 tamen
2009 2084 2315 2166 cuiusque
2376 2103 2560 2165 gene·
2581 2109 2633 2148 15

317 2190 393 2253 ris
437 2194 679 2254 natura
723 2195 1117 2272 permaneat.
1210 2188 1410 2254 Absit
1458 2190 1713 2271 etenim,
1763 2196 1838 2254 ut
1883 2211 2075 2255 rosea
2118 2189 2229 2254 illa
2259 2189 2562 2254 catholici

313 2317 537 2361 sensus
604 2295 931 2378 plantaria
997 2296 1067 2359 in
1135 2296 1412 2361 carduos
1484 2297 1831 2381 spinasque
1893 2302 2246 2364 vertantur.
2340 2295 2559 2378 Absit,

308 2404 604 2487 inquam,
677 2409 749 2467 ut
802 2404 869 2468 in
915 2404 1042 2469 isto
1091 2403 1361 2488 spiritali
1405 2403 1709 2488 paradiso
1760 2404 1839 2469 de
1887 2404 2271 2469 cinnamomi
2317 2409 2383 2469 et
2428 2404 2558 2469 bal·

310 2511 471 2576 sami
503 2510 778 2574 surculis
811 2510 1030 2576 lolium
1060 2517 1329 2594 repente
1362 2517 1559 2595 atque
1592 2512 1853 2578 aconita
1880 2513 2279 2594 proveniant.
2341 2509 2562 2594 Quod-

313 2639 584 2702 cumque
655 2618 853 2700 igitur
897 2619 965 2682 in
1010 2618 1132 2682 hac
1179 2618 1487 2683 ecclesiae
1537 2619 1642 2683 dei
1687 2619 2085 2701 agricultura
2128 2616 2255 2682 fide
2301 2622 2633 2700 patrum2o

309 2730 526 2789 satum
572 2730 702 2807 est,
771 2725 896 2788 hoc
960 2725 1128 2789 idem
1189 2723 1467 2789 filiorum
1511 2726 1833 2790 industria
1878 2726 2065 2789 decet
2113 2724 2449 2789 excolatur
2495 2731 2561 2789 et

311 2831 719 2914 observetur,
766 2832 894 2896 hoc
938 2831 1112 2897 idem
1155 2831 1387 2897 floreat
1435 2838 1502 2897 et
1545 2837 1973 2914 maturescat,
2028 2832 2154 2897 hoc
2198 2831 2370 2895 idem
2414 2852 2560 2914 pro-

306 2938 479 3003 ficiat
528 2945 596 3002 et
641 2937 1033 3021 perficiatur.
1125 2939 1258 3003 Fas
1306 2944 1407 3003 est
1453 2939 1710 3021 etenim,
1758 2945 1832 3003 ut
1877 2939 2094 3022 prisca
2125 2938 2234 3003 illa
2265 2937 2559 3002 caelestis

306 3045 749 3128 philosophiae
798 3045 1104 3128 dogmata
1148 3067 1459 3128 processu
1523 3046 1835 3130 temporis
1896 3052 2283 3111 excurentur
2337 3044 2556 3108 limen-

307 3157 412 3216 tur
481 3152 840 3236 poliantur,
910 3152 1025 3218 sed
1090 3152 1273 3217 nefas
1331 3158 1458 3235 est,
1529 3163 1606 3219 ut
1652 3158 2158 3235 commutentur,
2215 3151 2433 3233 nefaS,
2482 3156 2557 3215 ut
2575 3176 2627 3216 25

310 3249 807 3341 detruncentur,
877 3264 952 3323 ut
1019 3260 1414 3327 mutilentur.
1529 3259 1878 3342 Accipiant
1952 3259 2105 3324 licet
2173 3258 2556 3324 evidentiam

307 3365 514 3430 lucem
562 3366 1063 3449 distinctionem,
1112 3367 1225 3431 sed
1261 3368 1581 3433 retineant
1634 3386 1894 3432 necesse
1943 3371 2042 3430 est
2094 3364 2557 3448 plenitudinem

306 3472 744 3556 integritatem
789 3474 1276 3557 proprietatem.

486 3578 629 3664 (31)
686 3578 861 3645 Nam
910 3580 962 3644 si
1009 3580 1204 3646 semel
1250 3581 1532 3645 admissa
1585 3578 1782 3668 fuerit
1827 3579 1987 3644 haec
2032 3578 2264 3661 impiae
2310 3577 2554 3643 fraudis

302 3684 583 3768 licentia,
631 3685 862 3752 horreo
910 3688 1155 3770 dicere,
1207 3693 1520 3772 quantum
1568 3686 2002 3752 excindendae
2049 3691 2245 3768 atque
2294 3685 2553 3750 abolen·
2574 3710 2626 3749 30

306 3792 426 3857 dae
494 3793 822 3876 religionis
899 3794 1254 3878 periculum
1331 3800 1786 3878 consequatur.
1909 3792 2241 3859 Abdicata
2319 3793 2555 3858 etenim

482 4027 515 4079 5
553 4025 620 4080 cf.
661 4024 766 4079 Mt.
809 4026 892 4093 13,
931 4028 1001 4079 24
1020 4043 1138 4094 sqq.
1375 4027 1441 4078 17
1479 4024 1547 4080 cf.
1588 4023 1728 4079 Gen.
1767 4026 1818 4093 3,
1861 4026 1943 4078 18.

2121 4128 2196 4184 3*
