3092 4717
1048 451 1252 507 XXIV
1289 451 1650 520 (34)—XXV
1688 451 1820 519 (36).
2468 455 2548 515 39

299 615 572 679 licorum
616 612 743 679 hoc
789 634 939 678 vere
984 613 1350 697 proprium,
1406 616 1715 695 deposita
1761 618 2133 677 sanctorum
2177 617 2440 695 patrum
2485 618 2553 676 et

302 720 645 786 commissa
676 741 952 802 servare,
985 720 1294 784 damnare
1325 719 1637 803 profanas
1669 721 2011 802 novitateS‚
2046 725 2132 802 et,
2166 727 2344 785 sicut
2373 722 2556 784 discit

301 838 501 909 atque
569 835 814 892 iterum
872 831 1233 909 praedixit
1297 827 1667 910 apostolus:
1717 835 1783 893 si
1831 834 1980 908 quis
2028 830 2548 907 adnuntiaverit,

289 944 771 1018 praeterquam
818 937 999 1015 quod
1038 940 1376 1016 acceptum
1425 940 1545 1018 est,
1595 938 2040 1000 anathemate.

475 1039 712 1107 XXV.
744 1040 882 1124 (35)
913 1040 1045 1104 Hic
1075 1039 1356 1105 fortasse
1388 1040 1617 1126 aliquis
1640 1042 2019 1124 interroget,
2053 1063 2135 1106 an
2161 1046 2228 1106 et
2245 1040 2596 1105 haeretici5

299 1146 549 1211 divinae
611 1147 970 1230 scripturae
1036 1139 1420 1212 testimoniis
1482 1153 1769 1213 utantur.
1880 1148 2170 1214 Utuntur
2232 1148 2420 1232 plane
2485 1154 2552 1213 et

297 1252 708 1318 vehementer
768 1253 1046 1336 quidem.
1149 1253 1323 1319 Nam
1382 1255 1600 1320 videas
1665 1276 1777 1320 eos
1836 1255 2055 1321 volare
2115 1276 2235 1338 per
2293 1254 2551 1337 singula

299 1381 593 1443 quaeque
639 1367 902 1426 sanctae
943 1361 1139 1443 Legis
1187 1361 1527 1444 volumina,
1577 1384 1697 1445 per
1726 1363 1961 1447 Moysi,
2010 1384 2129 1445 per
2172 1362 2551 1444 Regnorum

296 1467 529 1548 libroS,
592 1489 709 1550 per
768 1467 1099 1550 Psalmos‚
1162 1490 1280 1552 per
1338 1467 1741 1552 Apostolos,
1803 1491 1923 1552 per
1982 1468 2373 1552 Evangelia,
2435 1489 2552 1551 per

298 1574 686 1658 Prophetas.
767 1572 914 1640 Sive
947 1576 1112 1640 enim
1158 1576 1334 1659 apud
1380 1597 1532 1641 suos
1582 1578 1712 1642 sive
1760 1576 2025 1659 alienos,
2075 1577 2207 1642 sive
2252 1575 2550 1659 privatim
2571 1595 2623 1634 ιο

300 1683 426 1746 sive
473 1681 749 1765 publice,
801 1684 930 1747 sive
975 1683 1044 1746 in
1091 1683 1494 1748 sermonibus
1543 1684 1673 1749 sive
1719 1685 1785 1748 in
1830 1683 2029 1765 libris,
2080 1684 2211 1748 sive
2241 1684 2307 1747 in
2340 1683 2550 1747 convi-

300 1790 407 1854 viis
455 1790 587 1853 sive
632 1790 697 1852 in
744 1789 1010 1872 plateis:
1076 1789 1232 1854 nihil
1287 1812 1594 1874 umquam
1638 1811 1845 1874 paene
1893 1790 1973 1855 de
2021 1811 2139 1855 suo
2185 1789 2548 1873 proferunt,

304 1896 472 1979 quod
504 1917 636 1961 non
668 1897 864 1961 etiam
895 1897 1252 1980 scripturae
1285 1897 1494 1962 verbis
1527 1897 1914 1964 adumbrare
1961 1904 2295 1963 conentur.
2373 1897 2550 1980 Lege

313 2002 484 2068 Pauli
530 2001 942 2068 Samosateni
990 2002 1318 2087 opuscula,
1365 2004 1769 2084 Priscilliani,
1832 2005 2157 2085 Eunomfi,
2216 2004 2269 2069 J
2271 2004 2550 2068 oviniani

304 2109 814 2192 reliquarumque
873 2111 1185 2193 pestium,
1249 2130 1478 2175 cernas
1535 2110 1852 2175 infinitam
1909 2111 2350 2192 exemplorum
2399 2130 2548 2174 con·
2570 2137 2628 2177 ιε

301 2217 559 2298 geriem,
625 2237 831 2299 prope
877 2216 1122 2281 nullam
1170 2217 1380 2281 omitti
1423 2218 1760 2300 paginam,
1825 2238 1992 2300 quae
2037 2238 2169 2281 non
2215 2216 2390 2281 Novi
2435 2224 2549 2282 aut

302 2323 555 2391 Veteris
604 2322 1007 2389 Testamenti
1071 2325 1407 2390 sententiis
1466 2325 1686 2390 fucata
1748 2329 1815 2389 et
1875 2324 2173 2390 colorata
2218 2324 2320 2389 sit.
2417 2323 2550 2390 Sed

298 2437 481 2499 tanto
515 2433 720 2517 magis
754 2434 1020 2499 cavendi
1063 2440 1129 2499 et
1173 2434 1672 2517 pertimescendi
1716 2438 1886 2515 sunt,
1937 2439 2182 2517 quanto
2233 2431 2548 2497 occultius

297 2541 410 2606 sub
461 2540 710 2605 divina-e
756 2541 955 2624 Legis
986 2540 1376 2607 umbraculis
1420 2541 1705 2606 latitant.
1784 2539 2012 2605 Sciunt
2051 2541 2219 2606 enim
2264 2540 2549 2605 foetores

297 2669 443 2713 suos
503 2648 659 2712 nulli
716 2648 853 2713 fere
915 2649 1045 2713 cito
1110 2670 1249 2713 esse
1309 2648 1701 2732 placitur08‚
1769 2649 1824 2713 si
1882 2648 2040 2712 nudi
2100 2653 2168 2711 et
2228 2647 2622 2729 simplicesso

296 2754 701 2836 exhalentur,
763 2760 958 2838 atque
1017 2755 1257 2820 idcirco
1318 2776 1427 2820 eos
1484 2755 1782 2820 caelestis
1857 2754 2096 2837 eloquii
2161 2753 2333 2818 velut
2394 2774 2550 2835 quo-

54 2819 55 2896 *
295 2863 441 2927 dam
501 2868 793 2928 aromate
840 2862 1259 2946 adspergunt,
1322 2868 1397 2927 ut
1455 2861 1581 2944 ille,
1650 2863 1760 2945 qui
1808 2862 2158 2926 humanum
2204 2860 2391 2925 facile
2440 2859 2547 2924 de·

50 2899 61 3024 i
296 2971 573 3053 spiceret
606 2991 908 3054 errorem,
943 2971 1156 3036 divina
1185 2992 1316 3035 non
1345 2970 1530 3036 facile
1564 2974 1939 3035 contemnat
1972 2969 2255 3034 oracula.
2310 2967 2547 3050 Itaque

48 3097 51 3194 4
292 3076 555 3160 faciunt,
607 3077 782 3161 quod
814 3078 881 3142 hi
911 3078 1143 3161 solent,
1178 3079 1308 3162 qui,
1339 3079 1622 3162 parvulis
1655 3083 1918 3143 austera
1951 3077 2268 3159 quaedam
2305 3080 2547 3157 tempe-

293 3186 500 3249 raturi
531 3185 792 3268 pocula,
824 3186 1004 3269 prius
1038 3207 1188 3250 oras
1219 3185 1405 3250 melle
1439 3185 1909 3266 circumlinunt,
1943 3189 2018 3247 ut
2048 3184 2311 3247 incauta
2341 3188 2545 3262 aetaS,
2565 3206 2621 3248 25

296 3313 436 3356 cum
487 3290 893 3357 dulcedinem
938 3293 1394 3375 praesenserit,
1442 3292 1938 3357 amaritudinem
1985 3312 2117 3355 non
2146 3288 2544 3354 reformidet.

296 3397 491 3482 Quod
553 3400 750 3464 etiam
808 3400 907 3465 his
973 3420 1169 3464 curae
1234 3406 1366 3479 est,
1433 3400 1543 3483 qui
1603 3399 1773 3463 mala
1833 3398 2125 3479 gramina
2185 3402 2252 3461 et
2308 3397 2541 3461 noxios

296 3527 522 3570 succos
571 3506 1063 3572 medicaminum
1108 3506 1433 3571 vocabulis
1493 3505 1970 3589 praecolorant,
2029 3510 2103 3568 ut
2150 3525 2338 3569 nemo
2385 3503 2543 3586 fere,

294 3611 404 3677 ubi
464 3614 978 3697 suprascriptum
1037 3614 1267 3697 legerit
1325 3613 1710 3694 remedium,
1780 3612 2147 3694 suspicetur
2209 3632 2544 3677 venenum.

296 3719 437 3803 (36)
485 3719 649 3785 Inde
714 3720 990 3804 denique
1052 3727 1119 3786 et
1151 3721 1432 3786 salvator
1464 3720 1823 3785 clamabat:
1889 3723 2232 3785 adtendite
2272 3721 2455 3783 vobis
2503 3739 2618 3782 aso

291 3831 911 3912 pseudoprophetiS,
962 3836 1076 3910 qui
1121 3836 1394 3895 veniunt
1435 3831 1530 3892 ad
1572 3849 1689 3893 vos
1734 3835 1806 3893 in
1854 3834 2098 3893 vestitu
2159 3832 2398 3906 orium,
2460 3828 2542 3888 ab

475 4062 509 4113 2
547 4060 670 4115 eal.
710 4062 759 4127 1,
797 4061 848 4114 a
1065 4061 1134 4114 30
1171 4059 1278 4113 Mt.
1318 4062 1367 4127 7,
1409 4060 1491 4113 15.
