3092 4717
1079 443 1226 499 XVI
1260 443 1631 511 (em-xm
1670 442 1806 515 (23).
2478 447 2561 507 25

296 627 457 671 ›eam
505 605 939 670 et·hominem
986 605 1066 670 de
1113 604 1290 671 caelo
1339 604 1691 669 secundum
1738 604 1931 669 deum
1978 603 2385 669 descendisse
2431 625 2562 669 non

298 712 598 795 abnegat
646 718 714 777 et
759 713 947 777 deum
989 712 1340 777 secundum
1387 711 1712 776 hominem
1752 710 1959 775 credit
2001 711 2070 774 in
2101 716 2278 775 terra
2322 709 2566 775 factum

294 840 574 903 passum
644 825 710 884 et
764 818 1169 901 crucifixum3
1245 824 1519 902 propter
1577 839 1720 883 eam
1780 817 2057 899 denique
2117 823 2182 882 et
2240 817 2564 883 hominem

298 924 419 992 -dei
464 926 663 990 filium
709 932 775 991 et
823 926 1013 991 deum
1071 926 1274 990 filium
1319 925 1577 1009 virginis
1639 923 2004 990 confitetur.
2098 924 2312 989 Beata
2368 925 2567 1007 igitur

295 1055 389 1098 :ac
435 1032 820 1116 veneranda,
867 1032 1211 1098 benedicta
1256 1037 1324 1097 et
1369 1036 1785 1097 sacrosancta
1832 1037 1899 1096 et
1947 1031 2201 1096 omnino
2251 1052 2610 1115 supernaer)

177 1219 189 1228 ἱ
295 1140 400 1204 ,1111
446 1140 821 1222 angelorum
865 1140 1226 1205 laudationi
1273 1138 1715 1222 comparanda
1762 1137 2104 1218 confessi0‚
2152 1159 2319 1221 quae
2366 1159 2567 1202 unum

299 1247 641 1312 dominum
672 1247 865 1313 deum
897 1247 1071 1312 trina
1100 1245 1610 1312 sanctificatione
1643 1245 1977 1329 glorificat.
2036 1245 2293 1312 Idcirco
2327 1247 2567 1311 etenim

299 1354 411 1419 vel
452 1354 728 1419 maxime
774 1354 1090 1419 unitatem
1138 1352 1382 1419 Christi
1426 1353 1781 1436 praedicat,
1836 1374 1919 1418 ne
1965 1354 2340 1437 mysterium
2387 1354 2564 1417 trini-

297 1462 464 1527 tatis
494 1461 804 1528 excedat.
868 1460 1056 1526 Haec
1100 1461 1165 1525 in
1213 1482 1486 1525 excursu
1531 1461 1708 1525 dicta
1752 1460 1897 1541 sint,
1946 1460 2126 1543 aliaS,
2175 1461 2230 1525 si
2277 1460 2398 1525 deo
2432 1461 2565 1543 pla-

298 1569 539 1650 ·cuerit,
596 1567 856 1632 uberius
904 1568 1251 1633 tractanda
1297 1574 1365 1633 et
1412 1568 1809 1650 explicanda.
1902 1566 2098 1632 Nunc
2144 1567 2229 1632 ad
2274 1568 2565 1651 proposi·
2586 1590 2638 1629 10

299 1684 449 1741 'tum
497 1675 862 1740 redeamus.

488 1782 728 1847 XVII.
781 1782 922 1870 (23)
958 1782 1350 1847 Dicebamus
1384 1804 1537 1866 ergo
1573 1783 1640 1846 in
1673 1782 2128 1865 superioribuS,
2164 1782 2339 1865 quod
2368 1783 2434 1847 in
2464 1804 2565 1849 ec·

313 1891 504 1966 clesia
552 1890 656 1954 dei
700 1890 979 1954 tentatio
1022 1895 1193 1954 esset
1224 1889 1443 1972 populi
1475 1911 1658 1954 error
1688 1890 1999 1972 magistri,
2049 1895 2117 1954 et
2147 1894 2331 1955 tanto
2365 1890 2568 1955 maior

319 1999 608 2077 tentatiO,
659 2004 905 2080 quanto
951 1998 1088 2079 ipse
1137 2003 1308 2061 esset
1355 1997 1631 2079 doctior,
1681 1997 1791 2079 qui
1838 2001 2104 2062 erraret.
2200 1995 2395 2079 Quod
2438 1998 2566 2080 pri-

312 2127 478 2169 mum
529 2106 889 2187 scripturae
938 2104 1346 2186 auctoritate,
1397 2103 1628 2168 deinde
1676 2104 2126 2169 ecclesiasticis
2174 2104 2565 2169 docebamus
2587 2134 2639 2173 15

304 2213 636 2296 exemplis,
670 2234 891 2277 eorum
926 2212 1172 2277 scilicet
1199 2212 1832 2294 commemoratione,
1866 2211 1998 2294 qui,
2026 2232 2171 2276 cum
2196 2211 2567 2294 aliquandiu

299 2340 504 2384 sanae
552 2317 703 2384 fidei
746 2318 965 2384 forent
994 2318 1220 2401 habiti,
1269 2318 1351 2383 ad
1386 2324 1744 2384 extremum
1792 2324 2009 2383 tamen
2039 2324 2154 2382 aut
2198 2319 2264 2383 in
2295 2318 2567 2384 alienam

298 2426 703 2492 decidissent
776 2432 1021 2491 sectam
1105 2431 1219 2490 3111
1279 2425 1405 2509 ipsi
1466 2447 1651 2491 suam
1714 2425 2035 2490 haeresim
2104 2427 2563 2493 condidissent.

298 2532 556 2618 Magna
599 2534 895 2616 profecto
919 2591 924 2597 .
944 2554 1053 2599 res
1102 2541 1168 2599 et
1198 2534 1283 2599 ad
1316 2533 1697 2598 discendum
1727 2533 1903 2598 utilis
1937 2538 2002 2597 et
2035 2534 2119 2598 ad
2149 2533 2566 2598 recolendum

294 2641 691 2722 necessaria,
742 2662 934 2723 quam
982 2641 1176 2705 etiam
1223 2646 1420 2724 atque
1469 2642 1667 2705 etiam
1700 2640 2130 2723 exemplorum
2163 2640 2438 2705 molibus
2472 2640 2565 2703 in-
2585 2664 2639 2703 20

302 2748 590 2813 lustrare
650 2752 845 2831 atque
899 2748 1221 2813 inculcare
1282 2747 1620 2830 debemus,
1683 2755 1757 2811 ut
1804 2769 2023 2812 omnes
2070 2769 2219 2812 vere
2267 2747 2568 2813 catholici

295 2856 626 2937 noverint,
676 2875 745 2919 se
793 2876 940 2920 cum
987 2855 1257 2920 ecclesia
1303 2854 1611 2919 doctores
1659 2856 1996 2938 recipere„
2035 2876 2169 2918 non
2218 2876 2366 2919 cum
2415 2855 2565 2920 doc-

297 2962 562 3027 toribus
609 2960 918 3026 ecclesiae
963 2960 1159 3026 fidem
1207 2961 1505 3026 deserere
1555 2961 1812 3029 debere.

493 3067 627 3133 Sed
674 3089 793 3151 ego
833 3069 928 3133 ita
957 3068 1260 3151 arbitror,
1308 3067 1503 3152 quod,
1555 3090 1704 3133 cum
1747 3069 1985 3134 multos
2015 3070 2084 3133 in
2114 3069 2239 3134 hoc
2270 3068 2568 3134 tentandi

305 3198 545 3260 genere
575 3175 862 3259 proferre
894 3176 1238 3259 valeamuS,
1286 3197 1474 3241 nemo
1522 3197 1729 3258 paene
1776 3176 1879 3258 sit,
1928 3176 2039 3259 qui
2081 3174 2381 3258 Origenis
2427 3181 2639 3243 ten-25

305 3284 548 3349 tationi
587 3283 799 3349 valeat
829 3284 1208 3366 comparari,
1257 3284 1324 3346 in
1372 3303 1500 3365 quo
1550 3283 1738 3365 plura
1783 3282 1947 3348 adeo
1995 3283 2350 3365 praeclara,
2400 3282 2564 3347 adeo

307 3391 695 3474 singularia,
743 3390 907 3456 adeo
955 3390 1119 3455 mira
1166 3390 1549 3471 extiterunt,
1613 3395 1687 3454 ut
1741 3391 1912 3454 inter
1954 3390 2138 3455 initia
2203 3389 2568 3454 habendam

305 3499 564 3563 cunctis
610 3498 1090 3564 adsertionibus
1139 3498 1274 3562 eius
1329 3495 1524 3561 fidem
1580 3497 1783 3579 quivis
1837 3497 1944 3562 ille
1997 3497 2183 3562 facile
2227 3498 2563 3562 iudicaret.

303 3604 487 3671 Nam
535 3606 590 3670 si
634 3607 766 3671 vita
810 3605 966 3670 facit
1012 3605 1486 3687 auctoritatem,
1535 3626 1768 3687 magna
1812 3604 1904 3669 illi
1946 3604 2285 3685 industria,
2334 3626 2569 3687 magna

305 3712 622 3796 pudicitia
673 3713 990 3795 patientia
1048 3712 1412 3778 tolerantia.
1509 3709 1581 3776 Si
1645 3732 1844 3794 genus
1890 3711 1990 3776 vel
2052 3710 2352 3794 eruditio,
2411 3712 2567 3794 quid
2585 3738 2639 3777 30

304 3840 389 3885 eo
431 3819 734 3902 nobilius,
785 3820 895 3902 qui
939 3820 1213 3904 primum
1256 3820 1324 3883 in
1372 3840 1449 3883 ea
1497 3818 1689 3884 domo
1738 3825 1927 3884 natus
1976 3825 2095 3902 est,
2146 3840 2310 3901 quae
2344 3825 2444 3883 est
2473 3819 2566 3882 in-

497 4053 564 4104 13
603 4052 669 4106 cf.
695 4053 857 4107 Deut.
900 4044 985 4120 1'3,
1027 4053 1182 4106 1—3.
