3092 4717
1260 463 1460 518 XXIV
1496 463 1826 533 (33)-(34).
2468 468 2549 527 37

482 623 758 691 XXIV.
811 624 954 710 (33)
989 622 1120 690 Sed
1151 624 1234 689 ad
1266 624 1633 707 apostolum
1667 624 2025 689 redeamus.
2115 626 2165 690 O
2203 628 2556 707 Timothee,

304 732 532 816 inquit,
582 736 956 814 depositum
1004 735 1300 813 custodi,
1364 735 1669 797 devitans
1723 737 2056 814 profanae
2103 752 2329 797 vocum
2378 738 2557 796 novi-

307 850 502 906 tates.
599 843 876 921 Deoito,
921 838 1168 922 inquit,
1240 839 1425 922 quasi
1493 839 1811 922 viperam,
1883 839 2067 921 quasi
2128 838 2554 920 scorpionem,

304 947 491 1030 quasi
558 945 952 1029 basiliscum,
999 968 1081 1011 ne
1149 949 1215 1011 te
1283 967 1416 1011 non
1487 946 1695 1010 solum
1763 951 1946 1010 tactu
2009 945 2125 1009 sed
2182 945 2373 1009 etiam
2420 945 2560 1008 visu

302 1052 679 1136 adflatuque
739 1053 1127 1135 percutiant.
1207 1051 1381 1136 Quid
1422 1060 1521 1117 est
1567 1052 1851 1117 devitare
1872 1051 1905 1115 P
1992 1053 2148 1117 Cum
2179 1055 2561 1117 leuitt-smodi
2577 1075 2604 1115 5

303 1182 425 1226 nee
471 1164 687 1225 eibum
721 1182 1006 1226 sumere.
1090 1157 1264 1242 Quid
1295 1167 1423 1225 est:
1473 1165 1750 1226 devita?
1795 1162 1872 1225 St·
1902 1166 2074 1241 qui-5,
2120 1159 2348 1242 inquit,
2383 1165 2561 1224 venit

304 1272 397 1332 ad
440 1289 557 1333 vos
614 1278 679 1333 et
735 1271 908 1333 Itane
952 1272 1328 1333 doctrinam
1388 1289 1520 1332 non
1583 1271 1828 1348 adfert.
1923 1264 2135 1349 Quam
2198 1266 2559 1330 doctrinam

302 1376 426 1439 nisi
473 1374 860 1439 catholicam
908 1380 973 1440 et
1018 1374 1445 1441 universalem
1492 1381 1561 1439 et
1607 1395 1802 1438 unam
1841 1374 2240 1457 eandemque
2285 1395 2403 1456 per
2435 1373 2559 1436 sin-

303 1482 482 1566 gulas
553 1487 844 1546 aetatum
912 1482 1353 1547 successiones
1421 1483 1801 1563 incorrupta
1858 1480 2147 1546 veritatis
2211 1480 2560 1545 traditione

306 1593 672 1653 manentem
740 1593 806 1652 et
870 1611 1072 1673 usque
1118 1590 1184 1653 in
1233 1588 1489 1654 saecula
1535 1589 1670 1653 sine
1714 1586 1843 1652 fine
1902 1586 2316 1652 mansuram?
2389 1583 2561 1668 Quid
2582 1611 2634 1650 ιο

311 1695 488 1760 tum?
565 1700 829 1779 Nolite,
874 1696 1116 1778 inquit,
1165 1704 1466 1779 recipere
1514 1717 1661 1761 eum
1710 1703 1782 1760 z‘n
1829 1699 2117 1776 domum,
2162 1716 2285 1759 nee
2330 1715 2451 1758 ave
2499 1701 2564 1759 ee·

308 1807 666 1884 dz‘oeerz‘te‘s,·
722 1810 836 1884 qm·
890 1810 1064 1869 enim
1130 1809 1294 1870 dicit
1352 1808 1460 1868 ille·
1522 1825 1674 1885 ave,
1742 1809 2186 1867 communicat
2248 1803 2560 1883 operibus

315 1917 451 1975 eius
518 1915 857 1991 malignis,
952 1914 1322 1991 ProfanaS,
1370 1911 1579 1992 inquit
1602 1959 1619 1992 ,
1668 1929 1895 1976 vocum
1941 1916 2292 1975 novitates.
2389 1906 2563 1991 Quid

323 2023 437 2081 est:
487 2022 864 2100 profanos?
956 2014 1138 2099 Quae
1184 2017 1339 2081 nihil
1384 2017 1629 2081 habent
1676 2017 1864 2098 sacri,
1912 2016 2070 2081 nihil
2114 2015 2428 2098 religiosi,
2479 2014 2561 2079 ab

317 2124 617 2189 ecclesiae
664 2123 1123 2207 penetralibus,
1174 2145 1338 2207 quae
1388 2129 1486 2189 est
1534 2128 1852 2206 ternplum
1887 2127 2020 2204 dei,
2064 2122 2318 2203 penitus
2352 2126 2561 2186 extra·
2584 2144 2635 2184 15

309 2251 480 2296 neaS.
576 2235 953 2312 Profanas,
997 2230 1227 2313 inquit,
1277 2252 1500 2297 vocum
1553 2238 1907 2295 novitates.
2023 2233 2273 2312 Voeum,
2316 2227 2386 2292 id
2433 2233 2560 2292 est:
2619 2304 2623 2307 Α

306 2338 686 2420 dogmatum
747 2359 960 2403 rerum
1028 2338 1491 2402 sententiarum
1561 2337 1903 2419 novitates,
1971 2358 2136 2419 quae
2195 2340 2343 2400 sunt
2387 2340 2564 2401 vetu-

305 2445 480 2525 stati,
532 2465 699 2528 quae
731 2444 1106 2527 antiquitati
1136 2446 1518 2525 contrariae,
1571 2467 1733 2527 quae
1768 2445 1821 2509 si
1851 2444 2268 2527 recipiantur,
2302 2463 2564 2509 necesse

304 2558 425 2634 est,
472 2558 549 2616 ut
593 2549 753 2616 fides
798 2550 1142 2616 beatorum
1183 2557 1444 2635 patrum
1488 2557 1604 2616 aut
1650 2556 1794 2616 tota
1839 2557 1955 2615 aut
2000 2556 2175 2615 certe
2207 2572 2441 2632 magna
2473 2571 2552 2614 ex

303 2663 492 2740 parte
541 2658 848 2739 violetur,
897 2680 1159 2723 necesse
1207 2662 1324 2737 est,
1373 2663 1447 2720 ut
1495 2678 1718 2722 omnes
1768 2658 2051 2722 omnium
2083 2662 2371 2722 aetatum
2401 2654 2560 2720 fide·
2583 2680 2636 2718 20

305 2765 423 2847 leS,
477 2786 699 2830 omnes
749 2765 975 2847 sancti,
1025 2786 1246 2830 omnes
1301 2764 1465 2828 casti
1526 2764 1931 2828 continentes
1991 2763 2289 2846 virgineS,
2342 2783 2565 2829 omnes

307 2872 523 2937 clerici
569 2870 800 2936 levitae
872 2876 938 2936 et
984 2871 1374 2952 sacerdotes,
1422 2875 1610 2934 tanta
1657 2869 2096 2936 confessorum
2142 2870 2336 2954 milia,
2400 2871 2568 2935 tanti

308 2985 662 3064 martyrum
731 2981 1073 3064 exercituS,
1143 2986 1332 3045 tanta
1394 2978 1669 3060 urbium,
1736 2982 1924 3043 tanta
1969 2979 2358 3062 populorum
2404 2976 2566 3043 cele-

308 3086 515 3152 britas
588 3093 655 3151 et
722 3087 1099 3170 multitudo,
1161 3092 1261 3152 tot
1329 3087 1575 3152 insulae
1650 3085 2017 3169 provinciae
2078 3106 2262 3167 reges
2339 3090 2566 3167 gentes

309 3215 514 3277 regna
576 3194 904 3278 nationeS,
974 3200 1153 3259 totus
1198 3200 1525 3278 postremo
1574 3194 1705 3257 iam
1748 3213 1955 3273 paene
2001 3197 2322 3256 terrarum
2371 3190 2563 3271 orbiS,
2586 3215 2640 3255 25

310 3323 426 3384 per
471 3300 856 3366 catholicam
902 3300 1095 3367 fidem
1127 3299 1388 3366 Christo
1438 3300 1640 3383 capiti
1686 3301 2159 3381 incorporatuS,
2209 3302 2398 3361 tanto
2435 3318 2567 3361 sae-

312 3407 601 3472 culorum
669 3413 886 3473 tractu
955 3408 1285 3492 ignorasse
1348 3427 1595 3471 errasse
1679 3404 2185 3487 blasphemasse,
2286 3404 2567 3469 nescisse

313 3514 466 3597 quid
509 3514 827 3597 crederet,
875 3515 1349 3599 pronuntietur.

495 3622 636 3705 (34)
674 3625 1030 3704 Profanas,
1065 3622 1292 3705 inquit,
1327 3641 1552 3687 vocum
1585 3626 1916 3685 novitates
1947 3623 2189 3702 devita,
2220 3639 2381 3702 quas
2413 3617 2568 3683 reci-

312 3749 464 3811 pere
533 3734 733 3812 atque
802 3729 1036 3794 sectari
1104 3748 1453 3810 numquam
1524 3726 1990 3792 catholicorum
2010 3774 2027 3808 ,
2100 3746 2350 3809 semper
2420 3746 2566 3790 vero
2588 3749 2640 3789 30

494 3892 521 3943 1
567 3891 614 3942 1.
652 3888 794 3942 Tim.
833 3891 885 3956 6,
923 3890 1009 3943 20.
1299 3888 1331 3940 5
1372 3890 1418 3941 1.
1459 3886 1586 3940 Cor.
1625 3887 1674 3953 5,
1718 3887 1800 3940 11.
2122 3887 2155 3938 6
2196 3887 2246 3939 2.
2284 3885 2419 3940 Joh.
2461 3885 2544 3938 10.

302 3979 379 4038 ,11
419 3979 469 4031 2.
508 3977 641 4032 Joh.
684 3980 767 4032 10.
810 3979 892 4031 11.
1166 3979 1232 4030 13
1273 3980 1321 4031 1.
1359 3976 1498 4029 Tim.
1538 3978 1589 4041 6,
1628 3978 1715 4032 20.
1972 3976 2038 4029 15
2068 3977 2115 4029 1.
2135 3974 2264 4029 Gor.
2286 3977 2337 4043 3,
2378 3975 2461 4027 16.
2486 3976 2568 4028 17.

317 4067 383 4119 26
421 4065 488 4122 cf.
528 4064 645 4120 001.
688 4069 734 4134 1,
777 4068 861 4120 18.
1142 4068 1210 4118 29
1253 4068 1300 4120 1.
1338 4065 1480 4119 Tim.
1520 4067 1574 4134 6,
1611 4067 1697 4118 20.
