3092 4717
1142 455 1230 510 XI
1269 454 1584 524 (16)-x11
1622 455 1756 526 (17).
2478 458 2558 521 17

301 619 580 702 triginta
625 639 759 683 non
787 618 995 683 minus
1026 617 1359 699 librorum,
1406 618 1874 682 nobilissimum
1921 622 1987 683 et
2018 619 2383 700 maximum,
2434 640 2561 702 quo

309 729 572 792 insanas
618 726 966 810 Porphyrii
1011 725 1361 790 calumnias
1416 747 1651 809 magna
1694 726 2152 809 probationum
2198 727 2365 792 mole
2411 747 2563 791 con·

308 835 500 902 fudit.
592 832 896 916 Longum
968 840 1070 899 est
1138 835 1436 899 universa
1500 833 1702 917 ipsius
1773 855 1974 916 opera
2043 854 2562 914 commemorare,

310 941 548 1024 quibus
616 939 911 1024 profecto
984 942 1246 1007 summis
1314 940 1835 1007 aedificatoribus
1905 941 2210 1007 ecclesiae
2254 963 2375 1024 par
2422 961 2561 1006 esse

314 1048 664 1131 potuisset,
734 1048 859 1112 nisi
925 1048 1202 1130 profana
1266 1048 1379 1113 illa
1435 1047 1805 1112 haereticae
1867 1048 2258 1113 curiositatis
2306 1046 2565 1112 libidine
2586 1070 2613 1112 5

318 1177 551 1220 novum
618 1156 835 1221 nescio
908 1155 1063 1238 quid
1129 1156 1587 1237 adinvenisset,
1656 1176 1784 1239 quo
1852 1161 1917 1221 et
1983 1162 2249 1221 cunctos
2309 1156 2567 1221 labores

321 1284 470 1327 suos
519 1262 692 1327 velut
737 1262 1070 1327 cuiusdam
1117 1262 1334 1347 leprae
1382 1262 1778 1328 admixtione
1816 1262 2130 1345 foedaret,
2181 1269 2247 1329 et
2279 1263 2569 1328 commit-

314 1376 488 1434 teret
511 1420 526 1450 ,
598 1375 675 1433 ut
744 1370 1043 1435 doctrina
1090 1371 1225 1435 eius
1270 1391 1404 1435 non
1448 1375 1585 1434 tam
1631 1368 1995 1435 aedificatio
2047 1392 2239 1452 quam
2285 1371 2564 1435 tentatio

312 1477 535 1561 potius
583 1477 1018 1542 ecclesiastica
1066 1477 1408 1544 diceretur.

496 1584 665 1649 XII.
714 1584 846 1649 Hic
894 1606 934 1649 a
978 1605 1081 1649 me
1126 1584 1399 1649 forsitan
1446 1584 1873 1667 deposcatur,
1940 1589 2014 1648 ut
2069 1584 2299 1649 horum
2322 1633 2339 1666 ,
2407 1605 2569 1667 quos
2591 1606 2642 1645 10

314 1714 518 1776 supra
586 1692 1114 1774 commemoravi,
1180 1692 1476 1758 haereses
1542 1714 1893 1775 exponam,
1950 1691 2243 1756 Nestorii
2302 1691 2569 1773 scilicet,

313 1800 721 1883 Apollinaris
768 1804 833 1863 et
876 1798 1162 1863 Photini.
1255 1800 1409 1865 Hoc
1458 1800 1719 1883 quidem
1764 1800 1848 1864 ad
1894 1822 2049 1880 rem,
2101 1799 2182 1864 de
2229 1821 2359 1883 qua
2402 1820 2573 1864 nunc

318 1909 564 1990 agimus
588 1957 604 1990 ,
675 1929 808 1972 non
878 1907 1145 1973 adtinet.
1239 1907 1660 1990 Propositum
1721 1907 1957 1972 etenim
2020 1907 2209 1972 nobis
2256 1913 2385 1989 est,
2441 1928 2572 1972 non

326 2015 718 2097 singulorum
751 2036 1001 2080 errores
1032 2016 1351 2098 persequi,
1402 2014 1515 2079 sed
1545 2035 1903 2098 paucorum
1935 2014 2226 2097 exempla
2255 2013 2568 2097 proferre,

317 2121 556 2203 quibus
603 2121 927 2187 evidenter
963 2143 1040 2187 ac
1071 2123 1407 2205 perspicue
1440 2122 1923 2187 demonstretur
1949 2121 2129 2203 illud,
2179 2122 2354 2203 quod
2386 2121 2569 2205 Moy·
2591 2145 2643 2187 15

326 2249 428 2292 ses
475 2229 601 2309 ait,
672 2231 824 2312 quia
885 2229 1160 2310 scilicet,
1231 2229 1286 2294 si
1332 2229 1589 2312 quando
1640 2229 2113 2294 ecclesiasticus
2160 2227 2391 2310 aliquis
2436 2249 2570 2293 ma-

317 2335 538 2418 gister,
586 2341 652 2400 et
682 2336 821 2419 ipse
850 2336 1354 2418 interpretandis
1384 2336 1847 2419 prophetarum
1878 2337 2196 2421 mysteriis
2228 2336 2570 2419 propheta,

314 2444 466 2508 novi
514 2444 823 2526 quiddam
868 2446 935 2508 in
982 2445 1315 2509 ecclesiam
1364 2445 1466 2509 dei
1511 2450 1723 2510 tentet
1767 2445 2087 2528 inducere,
2137 2444 2221 2509 ad
2268 2445 2572 2509 tentatio·

320 2572 464 2615 nem
511 2552 577 2614 id
622 2556 914 2616 nostram
959 2550 1099 2617 fieri
1143 2550 1549 2634 providentia
1575 2552 1809 2616 divina
1851 2552 2157 2635 patiatur.
2207 2551 2351 2638 (17)
2401 2552 2574 2617 Utile

320 2658 515 2739 igitur
538 2656 828 2723 fueritin
851 2679 1143 2740 excursu,
1178 2658 1331 2741 quid
1355 2680 1551 2740 supra
1572 2659 2241 2724 memorati‘haeretici
2265 2659 2571 2738 sentiant,
2593 2686 2651 2725 20

324 2763 600 2829 breviter
648 2786 1006 2847 exponere,
1065 2765 1133 2830 id
1188 2771 1287 2829 est
1328 2765 1686 2846 Photinus,
1736 2764 2157 2847 ApoHinaris,
2204 2764 2572 2833 Nestorius.

500 2871 768 2936 Photini
814 2894 967 2954 ergo
1017 2879 1197 2937 secta
1240 2872 1400 2938 haec
1448 2877 1565 2937 est.
1635 2872 1815 2936 Dicit
1847 2872 2038 2935 deum
2069 2870 2384 2954 singulum
2434 2892 2582 2936 esse·

320 2985 388 3043 et
435 2978 797 3044 solitarium
844 2985 909 3044 et
955 3000 1134 3045 more
1178 2979 1232 3044 J
1233 2980 1461 3045 udaico
1509 2978 1967 3044 confitendum.
2063 2978 2397 3044 Trinitatis
2442 2980 2582 3062 ple·-

320 3086 684 3150 nitudinem
732 3092 928 3169 negat
950 3136 965 3167 ,
1036 3108 1243 3169 neque
1297 3086 1491 3150 ullam
1538 3086 1642 3150 dei
1689 3086 1866 3151 verbi
1912 3091 2025 3150 aut
2070 3085 2268 3150 ullam
2313 3086 2576 3168 spiritus

323 3192 544 3258 sancti
592 3198 783 3276 putat
844 3208 983 3257 esse
1041 3215 1402 3277 personam.
1497 3191 1828 3258 Christum
1873 3214 2021 3257 vero
2070 3193 2389 3257 hominem
2435 3196 2576 3256 tan·
2596 3216 2656 3259 25

324 3301 657 3365 tummodo
729 3300 1088 3366 solitarium
1140 3301 1382 3365 adserit
1402 3350 1420 3383 ,
1491 3302 1596 3365 cui
1664 3300 2051 3382 principium
2120 3300 2429 3365 adscribit
2499 3321 2579 3364 ex

331 3406 569 3490 Maria3
619 3413 684 3473 et
729 3408 857 3473 hoc
907 3407 1286 3473 omnimodis
1336 3406 1769 3489 dogmatizat,
1819 3407 2022 3471 solam
2067 3429 2190 3472 nos
2236 3427 2579 3490 personam

335 3513 437 3578 dei
480 3516 682 3597 patris
731 3522 799 3579 et
845 3515 1051 3580 solum
1081 3513 1410 3580 Christum
1455 3514 1776 3580 hominem
1822 3515 2031 3579 colere
2079 3513 2332 3579 debere.
2390 3513 2579 3578 Haec

330 3642 485 3703 ergo
530 3621 874 3689 Photinus,

506 3729 906 3812 Apollinaris
952 3750 1101 3794 vero
1148 3731 1214 3794 in
1259 3730 1509 3794 unitate
1558 3729 1815 3812 quidem
1859 3728 2168 3794 trinitatis
2216 3729 2400 3811 quasi
2432 3749 2578 3793 con·
2598 3754 2650 3794 30

329 3837 568 3901 sentire
603 3857 674 3901 se
703 3836 979 3918 iactitat,
1007 3874 1092 3885 -
1119 3843 1189 3902 et
1216 3836 1342 3903 hoc
1371 3837 1582 3919 ipsum
1615 3857 1746 3901 non
1776 3836 1969 3919 plena
1998 3834 2147 3900 fidei
2178 3836 2458 3901 sanitate
2490 3872 2578 3882 —

513 4068 546 4119 s
586 4066 656 4120 of.
692 4067 855 4123 Dent.
898 4068 981 4134 13,
1019 4068 1070 4119 3.
1297 4069 1363 4120 16
1400 4067 1564 4122 Dent.
1607 4069 1691 4134 13,
1733 4068 1887 4120 1-3.

437 4162 657 4206 Vincenz
683 4175 778 4208 von
805 4163 1042 4207 Lerinum.
2153 4175 2188 4225 2
