3092 4717
1063 445 1177 499 xx
1215 444 1555 515 (25)—xx1
1590 446 1726 514 (26).
2433 453 2515 512 31

253 610 471 687 mant,
532 611 607 670 ut
652 606 903 687 possint
964 606 1266 690 deinceps
1313 614 1500 672 vivae
1546 612 1612 671 et
1659 613 1971 673 salientis
2017 630 2232 690 aquae
2276 608 2521 674 fluenta

253 715 519 795 potare.
613 711 975 777 Dediscant
1020 712 1214 795 bene,
1280 714 1454 796 quod
1499 714 1859 779 didicerant
1905 736 2037 780 non
2082 715 2278 799 bene,
2327 722 2394 781 et
2440 738 2521 781 ex

255 824 409 884 toto
444 819 755 885 ecclesiae
786 820 1111 902 dogmate,
1160 820 1336 903 quod
1375 821 1711 886 intellectu
1756 824 1903 906 capi
1947 827 2188 906 potest,
2237 823 2518 906 capiant,

255 926 445 1010 quod
491 948 624 991 non
669 930 910 1009 potest,
961 928 1249 994 credant.

442 1032 655 1097 XXI.
680 1035 819 1119 (26)
847 1032 1031 1116 Quae
1064 1056 1211 1099 cum
1239 1035 1336 1100 ita
1365 1036 1513 1118 sint,
1537 1036 1769 1101 iterum
1800 1041 1995 1120 atque
2024 1038 2263 1103 iterum
2293 1037 2563 1103 eadem5

257 1162 519 1206 mecum
575 1140 907 1206 revolvens
967 1148 1033 1205 et
1095 1148 1403 1225 reputans
1417 1191 1436 1225 ,
1497 1143 1719 1212 mirari
1764 1144 1922 1209 satis
1965 1165 2218 1227 nequeo
2267 1150 2520 1209 tantam

261 1248 674 1331 quorundam
730 1248 1061 1313 hominum
1114 1250 1467 1332 vesaniam,
1529 1256 1782 1315 tantam
1842 1256 2226 1316 excaecatae
2286 1252 2519 1316 mentis
2587 1262 2592 1266 ’

258 1356 686 1439 impietatem,
736 1359 988 1420 tantam
1031 1362 1366 1438 postremo
1417 1357 1676 1421 errandi
1719 1356 2065 1440 libidinem,
2114 1364 2188 1422 ut
2230 1359 2520 1423 contenti
2624 1400 2626 1402 ·

258 1484 396 1528 non
443 1463 576 1526 sint
620 1462 863 1527 tradita
909 1468 975 1527 et
1019 1467 1286 1546 recepta
1330 1463 1526 1529 semel
1557 1464 1908 1548 antiquitus
1940 1464 2246 1529 credendi
2273 1464 2516 1548 regula,

260 1569 379 1634 sed
409 1591 581 1634 nova
610 1591 689 1634 ac
720 1591 890 1633 nova
930 1569 1010 1634 de
1043 1569 1146 1634 die
1176 1571 1243 1634 in
1274 1570 1442 1635 diem
1475 1577 1812 1654 quaerant,
1862 1592 2241 1655 semperque
2280 1572 2519 1655 aliquid
2540 1593 2591 1632 ιο

260 1676 547 1759 gestiant
592 1676 886 1758 religioni
932 1676 1193 1759 addere,
1240 1683 1509 1759 mutare,
1560 1679 1938 1761 detrahere3
1988 1681 2169 1762 quasi
2214 1701 2344 1745 non
2376 1701 2517 1746 cae-

261 1784 427 1848 leste
491 1782 732 1865 dogma
792 1785 907 1866 sit,
970 1783 1147 1866 quod
1202 1783 1401 1849 semel
1445 1786 1799 1850 revelatum
1846 1806 1987 1852 esse
2033 1786 2341 1870 sufficiat,
2404 1786 2515 1852 sed

265 1897 526 1955 terrena
554 1891 897 1974 institutiO,
925 1913 1092 1975 quae
1122 1892 1311 1957 aliter
1338 1891 1563 1976 perfici
1592 1893 1714 1958 nisi
1743 1892 2014 1958 adsidua
2045 1896 2515 1976 emendatione,

279 2000 464 2064 immo
506 2000 728 2082 potius
774 2000 1292 2082 reprehensione,
1340 2021 1473 2064 non
1518 2006 1763 2083 posset,
1814 2023 1960 2065 cum
1991 2003 2205 2067 divina
2236 2003 2517 2068 clament

275 2106 561 2171 oracula:
635 2128 721 2171 ne
782 2111 1163 2186 transferas
1226 2114 1582 2189 terminos,
1646 2128 1811 2189 quos
1855 2120 2236 2190 posuerunt
2280 2121 2517 2192 patres
2537 2131 2588 2171 15

274 2223 392 2295 tui,
444 2221 543 2279 et:
595 2235 799 2297 super
829 2218 1235 2280 iudicantem
1268 2236 1353 2279 ne
1384 2219 1664 2297 iudices,
1699 2221 1799 2279 et:
1847 2220 2259 2281 scindentem
2293 2239 2516 2300 sepem

263 2326 602 2388 mordebit
644 2344 791 2387 eum
839 2343 1143 2404 serpens,
1194 2327 1259 2386 et
1289 2321 1448 2386 illud
1482 2322 1934 2406 apostolicum,
1966 2344 2094 2406 quo
2129 2345 2351 2389 omnes
2385 2346 2517 2390 om-

261 2430 440 2493 nium
487 2429 845 2493 haereseon
893 2428 1242 2494 sceleratae
1288 2429 1611 2495 novitates
1672 2429 1845 2495 velut
1905 2431 2185 2514 quodam
2243 2433 2520 2515 spiritali

261 2536 479 2618 gladio
529 2556 724 2619 saepe
770 2542 1111 2601 truncatae
1145 2557 1527 2620 semperque
1560 2537 1960 2602 truncandae
1993 2544 2177 2603 sunt:
2228 2561 2268 2604 o
2310 2543 2519 2605 Timo-

261 2647 437 2724 thee,
485 2646 858 2725 depositum
907 2647 1192 2725 custodi,
1235 2647 1540 2708 devitans
1560 2649 1897 2727 profanas
1928 2667 2152 2711 vocum
2185 2655 2518 2712 novitates
2536 2677 2589 2715 20

263 2759 335 2814 et
381 2756 841 2832 oppositiones
880 2754 1061 2829 salsi
1107 2758 1400 2815 nominis
1430 2759 1779 2833 scientiae,
1829 2773 2024 2833 quam
2066 2758 2334 2834 quidam
2361 2774 2520 2835 pro-

259 2864 611 2922 mittentes
657 2863 843 2921 eiroa
882 2860 1087 2938 fidem
1137 2861 1552 2922 eoeoiderunt.
1644 2857 1738 2922 Et
1784 2864 1938 2941 post
1982 2859 2143 2925 haec
2188 2860 2517 2924 inveniun-

260 2970 373 3027 tur
404 2963 604 3045 aliqui
637 2968 823 3027 tanta
852 2962 1248 3028 inveteratae
1281 2963 1514 3029 frontis
1547 2964 1806 3045 duritia,
1855 2970 2045 3030 tanta
2082 2967 2516 3050 impudentiae

257 3070 525 3152 incude,
591 3076 776 3136 tanto
837 3070 1181 3136 adamante
1239 3072 1663 3155 pertinaciae,
1714 3074 1823 3156 qui
1869 3074 2067 3138 tantis
2114 3074 2516 3158 eloquiorum

262 3178 643 3242 caelestium
687 3176 965 3242 molibus
1011 3200 1143 3243 non
1189 3178 1642 3261 succumbant,
1698 3181 1899 3245 tantis
1943 3180 2336 3265 ponderibus
2381 3203 2515 3247 non
2534 3208 2588 3247 25

258 3284 591 3367 fatiscant,
635 3286 839 3349 tantis
887 3285 1132 3349 malleis
1179 3308 1312 3351 non
1359 3292 1893 3370 conquassentur,
1942 3287 2139 3351 tantis
2185 3294 2513 3371 postremo

258 3390 637 3455 fulminibus
668 3413 797 3455 non
830 3394 1284 3457 conterantur!
1364 3397 1629 3475 Devita,
1658 3393 1888 3476 inquit,
1922 3398 2259 3476 profanas
2289 3416 2514 3461 vocum

258 3505 620 3563 novitates.
712 3496 869 3564 Non
927 3499 1122 3563 dixit:
1185 3500 1624 3582 antiquitateS,
1685 3521 1816 3565 non
1874 3500 2061 3565 dixit:
2122 3506 2512 3585 vetustates3

258 3605 461 3668 immo
519 3604 741 3687 plane,
804 3605 958 3687 quid
1006 3627 1040 3669 e
1089 3607 1416 3671 contrario
1468 3613 1876 3690 sequeretur,
1942 3607 2247 3673 ostendit.
2338 3606 2512 3672 Nam

258 3711 317 3774 si
367 3711 631 3775 vitanda
677 3717 777 3776 est
821 3713 1093 3794 novitaS,
1145 3713 1426 3778 tenenda
1472 3718 1571 3777 est
1618 3714 1991 3797 antiquitas,
2040 3719 2108 3779 et
2147 3715 2200 3777 si
2238 3713 2586 3797 profanaao

266 4005 271 4010 .
448 3962 476 4014 1
518 3961 584 4014 cf.
622 3960 756 4015 Joh.
793 3963 845 4028 4,
888 3962 970 4014 10.
1012 3962 1096 4015 14.
1298 3963 1367 4015 15
1403 3960 1571 4016 Prov.
1608 3964 1695 4024 22,
1735 3964 1821 4016 28.
2020 3962 2085 4015 16
2124 3960 2296 4016 Sirac.
2336 3963 2386 4029 8,
2429 3963 2512 4015 17.

262 4051 336 4103 16
373 4049 527 4105 Eccl.
566 4051 651 4118 10,
688 4052 740 4104 8.
960 4051 1026 4103 19
1067 4051 1114 4104 1.
1152 4050 1293 4104 Tim.
1328 4053 1379 4117 6,
1417 4053 1486 4105 20
1507 4069 1587 4120 sq.
