3092 4717
591 433 673 493 26
1537 429 1718 484 xv11
1754 428 1890 501 (23).

583 589 863 655 lustrata
906 590 1232 674 martyriO,
1296 590 1526 656 deinde
1571 612 1693 674 pro
1742 589 2003 656 Christo
2051 614 2182 657 non
2230 593 2438 658 solum
2482 598 2671 675 patre
2720 594 2833 659 sed

586 698 760 763 omni
806 719 1066 781 quoque
1109 697 1420 763 facultate
1466 700 1788 782 privatae,
1848 704 2103 764 tantum
2147 702 2319 765 inter
2365 707 2630 765 sanctae
2676 723 2838 784 pau-

583 805 855 887 pertatis
900 803 1175 887 profecit
1220 806 1573 889 angustiae,
1620 811 1696 870 ut
1740 827 1862 888 pro
1909 808 2163 871 nomine
2197 807 2557 873 dominicae
2591 808 2836 874 confes-

586 911 785 976 sionis
834 911 1110 995 saepiuS,
1157 917 1232 975 ut
1275 911 1512 995 ferunt,
1563 912 2009 996 adfligeretur!
2086 913 2319 997 Neque
2364 936 2518 979 vero
2565 915 2725 980 haec
2770 915 2836 979 in

536 1041 562 1082 5
582 1017 691 1083 illo
753 1017 894 1084 sola
951 1024 1170 1101 erant,
1237 1040 1402 1102 quae
1461 1024 1697 1084 cuncta
1740 1025 1972 1103 postea
2016 1021 2364 1086 tentationi
2408 1020 2650 1103 forent,
2723 1022 2837 1087 sed

584 1130 768 1190 tanta
814 1125 1009 1190 etiam
1054 1126 1148 1189 vis
1192 1126 1461 1208 ingenii,
1518 1131 1656 1190 tam
1701 1126 2035 1209 profundi,
2092 1133 2223 1192 tam
2270 1129 2470 1211 acris,
2526 1134 2660 1193 tam
2710 1130 2837 1194 ele-

583 1233 796 1316 gantis
808 1283 826 1316 ,
892 1239 967 1298 ut
1015 1255 1238 1298 omnes
1284 1255 1489 1318 paene
1536 1234 1806 1298 multum
1854 1235 2173 1319 longeque
2227 1241 2592 1319 superaret,
2654 1242 2840 1301 tanta

583 1341 916 1407 doctrinae
948 1363 1025 1406 ac
1059 1342 1264 1407 totius
1299 1342 1680 1407 eruditionis
1712 1341 2207 1426 magnificentia,
2254 1350 2329 1408 ut
2368 1365 2581 1428 pauca
2619 1345 2839 1410 forent

584 1447 862 1531 divinae,
924 1469 1131 1532 paene
1190 1449 1471 1514 fortasse
1530 1448 1707 1514 nulla
1761 1450 2081 1515 humanae
2126 1450 2606 1534 philosophiae„
2671 1472 2837 1534 quae

510 1580 562 1618 10
582 1576 713 1619 non
760 1556 1016 1636 penitus
1064 1555 1564 1638 adsequeretur3
1628 1556 1809 1620 cuius
1856 1557 2162 1622 scientiae
2210 1579 2353 1622 cum
2404 1580 2639 1640 graeca
2685 1580 2838 1624 con-

581 1662 906 1745 cederent,
952 1662 1235 1728 hebraea
1276 1685 1532 1746 quoque
1568 1663 1901 1728 elaborata
1933 1670 2101 1732 sunt.
2182 1665 2638 1748 Eloquentiam
2685 1660 2836 1731 vero

583 1769 737 1853 quid
768 1792 1137 1852 memorem,
1187 1770 1366 1834 cuius
1399 1769 1522 1834 fuit
1562 1776 1700 1835 tam
1740 1792 2031 1853 amoena,
2082 1777 2216 1836 tam
2248 1772 2479 1856 lactea,
2530 1779 2666 1838 tam
2698 1774 2836 1838 dul-

581 1878 672 1941 cis
720 1877 948 1961 oratio,
997 1883 1072 1941 ut
1117 1877 1270 1941 mihi
1317 1899 1396 1941 ex
1443 1899 1557 1942 ore
1603 1878 1803 1960 ipsius
1848 1899 1977 1943 non
2025 1883 2158 1943 tam
2190 1878 2387 1944 verba
2418 1902 2615 1963 quam
2644 1882 2842 1946 mella

580 1985 900 2067 quaedam
959 1984 1216 2050 fluxisse
1276 1985 1648 2050 videantur!
1744 1983 1929 2068 Quae
1976 2007 2100 2050 non
2148 1986 2253 2052 ille
2298 2009 2614 2070 persuasu
2673 1986 2836 2052 diffi-

509 2118 560 2157 15
582 2093 727 2157 cilia
774 2093 1145 2176 disputandi
1191 2092 1429 2158 viribus
1477 2093 1898 2177 elimpidavit,
1963 2115 2129 2177 quae
2184 2093 2363 2159 factu
2419 2096 2624 2159 ardua
2683 2116 2833 2176 non,

579 2205 654 2265 ut
698 2199 1002 2266 facillima
1049 2201 1431 2280 viderentur,
1484 2200 1744 2265 effecit?
1839 2198 1969 2264 Sed
2000 2199 2277 2265 forsitan
2308 2206 2836 2281 argumentorum

579 2307 1028 2371 tantummodo
1077 2306 1346 2371 nexibus
1394 2306 1797 2371 adsertiones
1845 2326 2005 2394 ,suas
2051 2305 2309 2369 texuit?
2387 2305 2595 2370 Immo
2641 2306 2838 2388 plane

578 2437 764 2480 nemo
813 2436 1116 2498 umquam
1164 2415 1622 2495 magistrorum
1666 2412 1809 2494 fuit,
1859 2413 1969 2495 qui
2013 2411 2305 2494 pluribus
2353 2413 2604 2477 divinae
2635 2411 2835 2497 Legis

578 2528 870 2587 uteretur
915 2521 1238 2604 exemplis,
1335 2518 1487 2602 Sed,
1552 2519 1769 2601 credo,
1831 2540 2039 2602 pauca
2095 2520 2526 2603 conscripsit?
2617 2520 2836 2585 Nemo

507 2652 561 2690 20
579 2630 946 2695 mortalium
992 2628 1197 2712 plura,
1245 2633 1322 2692 ut
1365 2628 1520 2693 mihi
1567 2649 1685 2693 sua
1733 2629 1950 2693 omnia
1996 2649 2129 2693 non
2176 2628 2386 2693 solum
2430 2628 2674 2711 perlegi
2720 2627 2837 2693 sed

578 2759 660 2802 ne
704 2737 974 2802 inveniri
1019 2735 1277 2818 quidem
1325 2757 1518 2818 posse
1566 2735 1938 2817 videantur,
2003 2735 2108 2799 cui
2120 2784 2137 2817 ,
2198 2756 2279 2799 ne
2338 2734 2693 2818 quidquam
2751 2735 2836 2799 ad

580 2845 886 2910 scientiae
947 2844 1380 2908 instrumenta
1426 2844 1710 2924 deesset,
1774 2844 1969 2908 etiam
2014 2842 2353 2925 plenitudo
2388 2841 2840 2906 ‘exabundavit

580 2953 836 3017 aetatis.
913 2950 1045 3017 Sed
1091 2951 1362 3016 forsitan
1410 2949 1739 3034 discipulis
1784 2972 2017 3032 parum
2060 2949 2262 3013 felix?
2326 2947 2487 3031 Quis
2529 2970 2838 3031 umquam

579 3058 876 3124 felicior?
968 3059 1223 3141 Nempe
1269 3058 1584 3122 innumeri
1632 3079 1711 3122 ex
1757 3057 1901 3121 sinu
1947 3078 2064 3121 suo
2124 3056 2430 3121 doctores
2441 3106 2459 3140 ,
2519 3056 2839 3121 innumeri

509 3184 562 3226 25
581 3167 954 3232 sacerdotes
1022 3164 1426 3231 confessores
1488 3170 1556 3230 et
1627 3170 1941 3248 martyres
2000 3165 2371 3229 extiterunt.
2468 3163 2520 3228 J
2522 3185 2623 3228 am
2684 3185 2838 3228 vero

583 3279 825 3357 quanta
871 3274 1044 3357 apud
1091 3293 1310 3338 omnes
1364 3272 1532 3336 illius
1581 3272 1954 3352 admiratio,
2023 3277 2266 3354 quanta
2314 3271 2543 3355 gloria,
2595 3277 2838 3354 quanta

581 3382 791 3464 gratia
835 3381 1052 3464 fuerit,
1102 3381 1244 3465 quis
1293 3380 1555 3463 exsequi
1600 3379 1861 3444 valeat?
1941 3378 2103 3463 Quis
2149 3400 2283 3445 non
2328 3377 2411 3443 ad
2454 3400 2598 3443 eum
2639 3379 2836 3462 paulo

582 3489 940 3571 religiosior
985 3510 1064 3553 ex
1110 3487 1348 3552 ultimis
1394 3485 1616 3550 mundi
1659 3486 1953 3569 partibus
1976 3483 2374 3551 advolavit?
2446 3483 2606 3567 Quis
2652 3484 2835 3550 Chri-

584 3597 942 3661 stianorum
981 3617 1111 3660 non
1152 3616 1359 3678 paene
1401 3599 1476 3659 ut
1505 3593 1912 3676 prophetam,
1964 3593 2107 3675 quis
2139 3591 2677 3676 philosophorum
2706 3614 2837 3657 non

511 3709 658 3767 301113
701 3703 1081 3785 magistrum
1127 3708 1470 3768 veneratus
1519 3700 1668 3766 est?
1762 3698 1975 3783 Quam
2021 3706 2238 3765 autem
2285 3720 2412 3764 non
2460 3699 2661 3765 solum
2709 3700 2840 3783 pri-

581 3816 773 3875 vatae
822 3810 1200 3890 conditioni,
1248 3808 1366 3873 sed
1409 3809 1534 3892 ipsi
1583 3829 1841 3891 quoque
1886 3806 2085 3872 fuerit
2123 3807 2510 3872 reverendus
2542 3807 2836 3889 imperi0,

585 3916 920 3982 declarant
965 3916 1295 3998 historiae,
1344 3936 1509 3999 quae
1544 3937 1690 3980 eum
1733 3937 1772 3980 a
1800 3920 2007 3979 matre
2043 3914 2400 3979 Alexandri
2429 3915 2835 3996 imperatoris

586 4025 863 4089 accitum
909 4024 1157 4105 ferunt,
1208 4024 1501 4088 caelestis
1549 4024 1778 4106 utique
1826 4023 2181 4106 sapientiae
2228 4021 2491 4103 merit0,
2541 4020 2722 4085 cuius
2771 4026 2836 4099 et
