3092 4717
1100 458 1335 513 xxxn
1370 458 1842 530 (43)-xxxm.
2502 466 2583 526 51

326 623 468 701 his,
515 623 799 684 liberum
845 624 1092 685 habere
1126 640 1259 702 pro
1305 626 1646 687 voluntate
1690 641 2085 686 sermonem.
2178 621 2309 686 Hic
2335 623 2585 706 ‚aliquis

324 726 618 791 fortasse
674 726 1032 808 addubitet,
1094 728 1353 810 quinam
1400 728 1528 791 sint
1573 727 1684 809 illi,
1748 748 1911 810 quos
1957 731 2202 794 habere
2248 729 2586 812 prohibeat

328 838 623 898 liberum
647 854 779 916 pro
811 839 1150 899 voluntate
1178 854 1578 917 sermonem,
1623 836 1961 899 vetustatis
1992 836 2473 918 praedicatores
2504 859 2586 902 an

324 940 642 1005 novitatis
675 941 1142 1006 adinventores,
1220 941 1372 1024 Ipse
1414 942 1591 1006 dicat
1641 947 1707 1006 et
1739 942 2211 1007 dubitationem
2240 942 2586 1025 legentium

325 1048 476 1130 ipse
523 1047 857 1112 dissolvat.
953 1045 1262 1130 Sequitur
1309 1049 1511 1112 enim:
1580 1052 1868 1130 desinat,
1926 1049 2158 1132 inquit,
2219 1057 2286 1115 si
2328 1058 2427 1115 ita
2474 1068 2632 1117 res5

327 1164 461 1235 est,
502 1192 582 1201 —-
616 1153 685 1218 id
717 1160 846 1218 est:
898 1155 951 1218 si
998 1156 1092 1220 ita
1139 1162 1259 1237 est,
1306 1161 1379 1219 ut
1427 1156 1603 1237 apud
1633 1178 1735 1220 me
1782 1156 2044 1238 quidam
2088 1156 2281 1222 urbes
2329 1163 2393 1221 et
2436 1179 2585 1241 pro-

325 1260 578 1325 vincias
626 1266 871 1325 vestras
921 1261 1360 1344 criminantur,
1411 1263 1589 1345 quod
1629 1283 1738 1326 eas
1779 1262 2163 1344 quibusdam
2193 1264 2586 1329 novitatibus

328 1369 706 1433 consentire
767 1368 962 1432 noxia
1024 1368 1529 1434 dissimulatione
1588 1369 1839 1434 faciatis
1885 1408 1970 1418 —
2020 1374 2291 1436 desinat
2343 1372 2586 1453 itaque,

325 1476 569 1557 inquit,
617 1482 682 1539 si
728 1482 827 1540 ita
874 1496 988 1540 res
1036 1486 1160 1557 est,
1207 1483 1546 1541 incessere
1595 1484 1856 1541 novitas
1902 1487 2318 1542 vetustatem.
2403 1479 2585 1559 Ergo

326 1582 498 1646 haec
544 1580 669 1645 fuit
716 1580 892 1646 beati
938 1579 1286 1646 Caelestini
1332 1582 1528 1649 beata
1574 1585 1915 1665 sententia,
1981 1590 2054 1647 ut
2107 1605 2239 1649 non
2299 1589 2586 1648 vetustas
2608 1608 2660 1644 ιο

327 1694 622 1754 cessaret
671 1688 946 1753 obruere
994 1690 1368 1773 novitatem,
1415 1691 1530 1755 sed
1569 1692 1786 1774 potius
1834 1692 2082 1756 novitas
2130 1690 2449 1756 desineret
2492 1692 2584 1754 in-

328 1816 595 1861 cessere
639 1802 1049 1864 vetustatem.

518 1902 879 1969 XXXIII.
928 1902 1180 1987 Quibus
1212 1904 1588 1987 apostolicis
1623 1905 2083 1987 catholicisque
2116 1905 2393 1970 decretis
2417 1905 2584 1987 quis-

329 2010 480 2093 quis
530 2008 925 2092 refragatur,
986 2010 1252 2075 insultet
1311 2012 1586 2094 primum
1648 2012 1926 2076 omnium
1982 2033 2248 2076 necesse
2305 2017 2404 2076 est
2456 2033 2585 2076 me-

326 2117 582 2181 moriae
631 2116 839 2180 sancti
886 2114 1255 2196 Caelestini,
1307 2119 1416 2200 qui
1463 2119 1714 2196 statuit,
1763 2124 1835 2181 ut
1884 2118 2204 2182 desineret
2251 2125 2587 2183 incessere
2608 2144 2658 2181 15

328 2231 604 2289 novitas
635 2233 1053 2305 vetustatem,
1104 2223 1335 2289 deinde
1367 2225 1646 2288 inrideat
1677 2223 1941 2289 definita
1972 2225 2179 2288 sancti
2207 2224 2429 2309 Xysti,
2478 2225 2587 2307 qui

330 2331 612 2413 censuit,
661 2352 743 2395 ne
789 2336 970 2395 ultra
1018 2332 1369 2413 quidquam
1410 2338 1616 2396 liceat
1656 2338 1962 2412 novitati,
2008 2339 2164 2413 qnia
2210 2335 2384 2396 nihil
2425 2335 2589 2397 adde·

331 2445 645 2503 convenit
687 2446 1026 2519 vetustati,
1092 2438 1207 2503 sed
1268 2445 1332 2502 et
1391 2438 1567 2503 beati
1614 2436 1832 2523 cyrilli
1888 2444 2137 2503 statuta
2192 2444 2583 2518 contemnat,

335 2546 448 2628 qui
495 2545 845 2609 venerandi
875 2543 1175 2628 Capreoli
1222 2545 1427 2610 zelum
1471 2567 1710 2628 magna
1753 2546 2235 2628 praedicatione
2281 2544 2582 2625 laudavit,

337 2651 518 2734 quod
569 2659 847 2732 anlz‘qua
885 2656 1052 2734 fidel
1083 2656 1397 2733 domnula
1429 2658 1818 2735 confirmari
1848 2659 2113 2735 cuperet
2146 2660 2398 2717 naz-itia
2430 2674 2587 2716 vero
2606 2673 2661 2710 20

336 2764 700 2824 adinventa
765 2762 1098 2839 damnari,
1162 2759 1561 2841 Ephesinam
1620 2781 1879 2841 quoque
1939 2759 2274 2843 synodum,
2338 2759 2406 2822 id
2467 2766 2584 2838 est,

334 2865 542 2930 totius
602 2886 810 2947 paene
872 2867 1138 2929 orientis
1199 2872 1566 2930 sanctorum
1623 2866 2068 2948 episcoporum
2114 2866 2397 2930 iudicata
2440 2887 2586 2950 pro-

336 2972 578 3053 culcet,
629 2972 863 3053 quibus
910 2973 1208 3036 divinitus
1255 2972 1528 3055 placuit,
1578 2973 1738 3036 nihil
1781 2973 1958 3038 aliud
2003 2974 2276 3056 posteris
2324 2973 2584 3038 creden-

337 3079 494 3143 dum
550 3079 923 3155 decernere,
986 3080 1107 3142 nisi
1170 3080 1345 3162 quod
1403 3087 1661 3144 sacrata
1717 3080 1965 3162 sibique
2013 3081 2074 3143 in
2125 3078 2383 3144 Christo
2434 3101 2585 3144 con-

337 3183 622 3250 sentiens
656 3191 1029 3249 sanctorum
1058 3191 1319 3268 patrum
1350 3188 1668 3251 tenuisset
1700 3187 2072 3268 antiquitaS,
2122 3186 2358 3267 quique
2393 3187 2586 3250 etiam
2607 3209 2660 3248 25

337 3292 765 3357 vociferantes
799 3298 865 3356 et
906 3291 1344 3357 adclamantes
1386 3314 1514 3357 uno
1553 3314 1664 3357 ore
1700 3292 2029 3356 testificati
2062 3298 2233 3372 sunt,
2283 3292 2399 3356 has
2448 3313 2585 3357 esse

340 3400 627 3462 omnium
671 3420 883 3479 voceS,
946 3399 1068 3463 hoc
1118 3420 1338 3463 omnes
1389 3406 1636 3482 optare,
1697 3400 1822 3464 hoc
1873 3420 2094 3464 omnes
2144 3420 2425 3480 censere,
2491 3406 2586 3481 ut,

338 3504 506 3569 sicut
567 3506 843 3570 universi
888 3505 1023 3571 fere
1086 3513 1238 3571 ante
1283 3504 1660 3570 Nestorium
1708 3507 2035 3588 haeretici,
2099 3512 2587 3571 contemnentes

338 3618 730 3677 vetustatem
778 3619 841 3677 et
874 3613 1246 3678 adserentes
1288 3614 1660 3693 novitatem,
1712 3614 1999 3679 damnati
2043 3612 2278 3693 forent,
2326 3613 2419 3677 ita
2448 3614 2587 3696 ipse

340 3739 598 3802 quoque
645 3717 1012 3803 NestoriuS,
1063 3726 1293 3785 auctor
1330 3720 1638 3785 novitatis
1680 3725 1747 3784 et
1778 3721 2195 3802 impugnator
2226 3721 2662 3800 vetustati8,30

340 3825 903 3891 condemnaretur.
1018 3825 1311 3908 Quorum
1375 3833 1795 3892 sacrosancta
1860 3832 1925 3890 et
1986 3825 2277 3891 caelestis
2342 3827 2587 3908 gratiae

339 3952 604 3997 munere
651 3933 966 4016 inspirata
1013 3935 1347 3998 consensio
1406 3934 1460 3996 si
1507 3933 1613 3996 cui
1658 3934 1980 4018 displicet,
2044 3932 2197 4016 quid
2258 3932 2429 3997 aliud
2492 3955 2586 3997 se·

341 4039 579 4121 quitur,
626 4041 749 4105 nisi
794 4047 869 4105 ut
913 4040 1375 4123 profanitatem
1405 4040 1698 4107 Nestorii
1744 4043 2003 4107 adserat
2049 4061 2181 4105 non
2228 4041 2365 4106 iure
2415 4041 2586 4106 dam-

2157 4164 2231 4218 4*
