3092 4717
544 433 585 493 6
1427 431 1517 486 1v
1556 431 1635 501 (6)
1646 431 1768 485 -v
1807 431 1904 502 (7).

542 584 681 654 nita
725 590 1071 672 maiorum,
1135 591 1287 656 dum
1346 613 1488 657 sese
1546 593 1721 657 intra
1780 597 2073 658 sacratae
2129 601 2325 679 atque
2380 595 2791 679 incorruptae

543 698 882 761 vetustatis
930 697 1322 764 castissimos
1362 699 1596 764 limites
1627 700 1936 782 profanae
1968 721 2045 765 ac
2076 702 2364 767 novellae
2398 703 2790 768 curiositatis

544 803 742 868 libido
790 826 924 869 non
971 805 1310 870 continet?

722 911 806 980 V.
857 913 958 998 (7)
1007 908 1139 976 Sed
1196 911 1469 978 forsitan
1519 914 1670 979 odio
1717 916 2025 980 novitatis
2074 923 2140 981 et
2186 938 2405 981 amore
2452 916 2793 981 vetustatis

496 1019 701 1084 5haec
746 1017 1090 1101 fingimus?
1179 1017 1486 1103 Quisquis
1517 1020 1645 1086 hoc
1678 1023 2002 1105 aestimat,
2049 1023 2246 1089 beato
2295 1023 2523 1088 saltem
2570 1023 2793 1088 credat

542 1124 909 1207 Ambrosio,
960 1126 1070 1210 qui
1114 1127 1182 1190 in
1228 1128 1512 1192 secundo
1562 1128 1646 1192 ad
1690 1128 2145 1211 imperatorem
2192 1128 2581 1195 Gratianum
2626 1130 2790 1194 libro

543 1233 964 1298 acerbitatem
1026 1236 1338 1316 temporis
1402 1235 1540 1318 ipse
1608 1235 1952 1318 deplorans
2020 1237 2144 1301 ait:
2220 1240 2358 1302 Sed
2408 1245 2542 1303 iam
2591 1244 2790 1318 satis,

540 1341 770 1424 inquit,
818 1349 1237 1425 omnipotens
1282 1346 1469 1423 deus,
1519 1354 1752 1409 nostro
1801 1352 2014 1409 exitio
2060 1355 2421 1426 nostroque
2466 1352 2795 1424 sanquine

542 1454 1007 1531 confessorum
1055 1471 1249 1515 neces
1297 1455 1513 1515 exilia
1560 1454 1986 1516 sacerdotum
2034 1461 2106 1516 et
2145 1457 2348 1534 nefas
2395 1462 2627 1517 tantae
2673 1459 2794 1516 im-

470 1580 524 1620 ιο
533 1563 818 1639 pietatis
864 1561 1171 1622 eluimus.
1245 1559 1432 1621 Satis
1478 1562 1732 1621 claruit
1771 1578 1909 1639 eos,
1960 1566 2076 1639 qui
2121 1564 2526 1623 violaverint·
2559 1563 2790 1640 fidem,

542 1673 721 1729 tutos
769 1685 918 1729 esse
965 1685 1097 1728 uon
1135 1684 1358 1746 posse.
1451 1662 1623 1728 Item
1667 1663 1735 1727 in
1782 1664 1977 1728 tertio
2026 1664 2312 1728 eiusdem
2356 1666 2567 1747 operis
2598 1665 2792 1730 libro:

542 1791 883 1836 servemus
915 1778 1148 1853 iyttur,
1176 1770 1405 1852 inquit,
1429 1781 1801 1852 praecepta
1832 1778 2187 1852 maiorum,
2223 1793 2344 1837 nee
2374 1776 2796 1838 hereditaria

540 1884 892 1959 signacula
939 1886 1094 1943 ausz’
1139 1881 1332 1943 rudis
1381 1885 1763 1943 temeritate
1809 1883 2150 1945 violemus,
2243 1883 2521 1944 Librum
2570 1887 2796 1961 siqua-

542 1995 681 2050 tum
728 1990 915 2050 illum
957 1988 1418 2069 propheticum
1466 2006 1600 2049 nou
1646 1991 1974 2068 seniores,
2032 2007 2165 2050 nou
2202 1997 2602 2069 potestates,
2662 2008 2795 2052 nou

469 2117 523 2158 15
543 2097 791 2174 angeli,
841 2113 973 2157 uon
1020 2095 1409 2173 arehanyelz‘
1455 2099 1724 2175 aperire
1771 2100 1921 2157 aust
1965 2104 2161 2173 sunt,·
2207 2098 2342 2158 solz·
2380 2096 2643 2159 Christo
2679 2116 2794 2159 ea·-

533 2204 862 2283 plauandz‘
908 2206 1054 2263 etus
1087 2207 1571 2281 praeroyattoa
1615 2210 1885 2264 servata
1932 2210 2053 2264 est.
2149 2202 2423 2262 Librum
2471 2203 2789 2263 sacerdo-

542 2312 745 2371 talem
792 2313 940 2387 quis
986 2315 1287 2370 nostrum
1337 2309 1721 2387 dissiynare
1768 2309 2034 2385 audeat,
2084 2312 2420 2384 stynatum
2457 2326 2498 2368 a
2532 2309 2793 2384 confes-

540 2417 810 2479 soribus
856 2422 926 2477 et
966 2415 1328 2476 multorum
1390 2418 1524 2475 z‘am
1587 2419 1919 2492 martyrio
1979 2418 2491 2475 consecratum?
2588 2413 2791 2488 Quem

542 2527 656 2602 qui
701 2523 1085 2600 dtssz‘yuare
1131 2524 1348 2583 coacti
1391 2527 1569 2599 sunt,
1608 2527 1854 2599 postea
1903 2526 2125 2582 tamen
2173 2520 2497 2583 damnata
2536 2520 2796 2598 fraude

470 2634 936 2713 sostyuarunt,·
983 2632 1097 2706 qut
1142 2629 1394 2690 violare
1439 2645 1574 2688 non
1622 2631 1775 2688 ausi
1819 2633 1998 2704 sunt,
2047 2628 2478 2705 confessores
2520 2633 2591 2689 et
2617 2644 2795 2688 mar-

542 2745 732 2815 tyres
779 2739 1169 2797 eoetz’teruut.
1269 2734 1604 2809 Quomodo
1667 2734 1867 2811 fidem
1919 2752 2148 2795 eorum
2186 2751 2554 2813 possumus
2600 2734 2797 2796 dene-

538 2861 728 2922 yare,
777 2860 1056 2921 quorum
1105 2847 1452 2905 victoriam
1494 2843 2015 2922 praedicamus?
2088 2838 2549 2903 Praedicamus
2579 2838 2793 2920 plane,

473 2943 476 2947 ’
541 2947 821 3030 inquam,
872 2969 909 3012 o
958 2946 1321 3011 venerande
1367 2946 1702 3028 Ambrosi,
1763 2946 2211 3029 praedicamus
2258 2946 2468 3028 plane,
2531 2945 2795 3009 laudan-

543 3059 768 3137 tesque
796 3053 1140 3120 miramur.
1231 3052 1405 3117 Nam
1452 3053 1596 3135 quis
1641 3052 1747 3117 ille
1795 3057 1931 3117 tam
1987 3052 2251 3116 demens
2307 3058 2428 3134 est,
2490 3053 2600 3136 qui
2661 3073 2792 3132 eOS,

469 3188 522 3229 25
543 3161 665 3226 etsi
711 3160 979 3243 adsequi
1023 3181 1158 3225 non
1204 3158 1476 3239 evaleat,
1523 3180 1657 3224 non
1704 3164 1968 3242 exoptet
2014 3160 2222 3242 sequi,
2272 3181 2435 3243 quos
2484 3182 2525 3224 a
2571 3159 2795 3224 defen-

542 3268 723 3334 sione
768 3268 1083 3333 maiorum
1127 3266 1280 3331 fidei
1324 3266 1500 3330 nulla
1544 3266 1637 3330 vis
1686 3265 1953 3348 depulit,
2000 3287 2129 3330 non
2168 3267 2403 3349 minae,
2451 3287 2583 3330 non
2614 3266 2796 3331 blan-

542 3373 844 3455 dimenta,
894 3395 1024 3439 non
1068 3374 1220 3453 vita,
1269 3394 1401 3438 non
1447 3394 1640 3456 mors,
1700 3394 1834 3438 non
1879 3373 2213 3456 palatium,
2271 3393 2403 3465 non
2452 3373 2793 3455 satellites,

541 3504 674 3548 non
718 3482 1094 3565 imperator,
1140 3502 1271 3546 non
1314 3481 1672 3563 imperium,
1722 3502 1850 3545 non
1882 3480 2195 3561 homineS,
2241 3500 2372 3544 non
2406 3480 2793 3546 daemones?

546 3588 726 3672 Quos
737 3637 757 3671 ,
821 3589 1113 3672 inquam,
1179 3609 1300 3671 pro
1364 3587 1703 3671 religiosae
1772 3587 2113 3653 vetustatis
2181 3588 2535 3652 tenacitate
2604 3594 2793 3652 tanto

471 3723 524 3763 30
544 3716 806 3760 munere
853 3695 1146 3760 dominus
1194 3695 1421 3778 dignos
1466 3695 1790 3776 iudicavit,
1839 3701 1914 3758 ut
1958 3715 2078 3776 per
2125 3715 2238 3758 eos
2285 3699 2650 3777 prostratas
2696 3712 2793 3755 re-

544 3808 870 3868 stauraret
915 3802 1245 3885 ecclesias,
1311 3803 1632 3867 extinctos
1679 3801 2053 3885 spiritaliter
2097 3801 2377 3884 populos
2423 3799 2792 3878 vivificaret,

725 3948 757 3999 7
792 3945 1052 4000 Ambros.
1092 3945 1162 4000 de
1197 3944 1308 3999 fide
1343 3944 1409 3999 Π
1445 3963 1490 3999 c.
1528 3943 1692 4014 XVI,
1732 3945 1852 3997 141.
2046 3945 2115 3997 12
2149 3942 2411 3997 Ambros.
2450 3942 2518 3995 de
2554 3940 2665 3995 fide
2700 3937 2798 3994 111

545 4056 593 4093 c.
630 4034 763 4105 XV,
803 4038 924 4090 128.
1143 4036 1210 4089 13
1256 4035 1324 4089 cf.
1362 4034 1543 4104 Apoc.
1585 4034 1635 4102 5,
1676 4036 1834 4087 1—5.
