3092 4717
594 456 680 518 42
1294 452 1498 508 XXVI
1534 452 1960 524 (av—xxm
1997 451 2130 525 (38).

593 620 660 678 εἰ
679 617 867 694 filius
898 634 1038 678 esse
1085 614 1177 678 vis
1225 619 1336 680 dee·
1367 619 1432 679 et
1477 614 1907 680 hereditatem
1953 615 2134 698 regni
2182 615 2477 680 caelestis
2523 616 2840 700 accipere,

594 727 785 785 mitte
816 730 882 785 te
913 724 1248 803 deorsum,
1277 721 1345 785 id
1377 727 1511 787 est:
1547 742 1627 786 ex
1655 721 1840 786 istius
1871 727 1938 786 te
1970 720 2258 786 sublimis
2303 721 2633 806 ecclesiae,
2677 746 2843 807 quae

594 827 789 891 etiam
835 833 1147 910 templum
1196 832 1308 894 dez·
1350 833 1640 911 putatur,
1701 828 1995 893 doctrina
2041 833 2108 893 et
2156 828 2505 894 traditione
2554 829 2842 897 demitte.

592 931 697 998 Ac
746 934 799 998 si
831 935 973 1018 quis
1019 935 1372 1017 interroget
1418 936 1783 1018 quempiam
1827 934 2303 1001 haereticorum
2333 936 2455 1001 sibi
2500 936 2656 1002 talia
2700 959 2843 1021 per-

547 1040 1005 1107 5suadentem:
1054 1041 1223 1106 unde
1254 1041 1515 1124 probaS,
1563 1041 1736 1107 unde
1782 1041 1999 1125 doceS,
2049 1042 2225 1125 quod
2271 1042 2602 1109 ecclesiae·
2628 1044 2846 1109 catho-

588 1149 751 1213 licae
781 1148 1202 1213 universalem
1235 1154 1300 1213 et
1331 1150 1665 1232 antiquam
1694 1148 1887 1213 fidem
1920 1149 2240 1214 dimittere
2275 1150 2579 1232 debeam,
2627 1153 2846 1217 statim

590 1254 721 1320 ille:
771 1263 1094 1339 scriptum
1127 1267 1235 1322 est
1262 1264 1457 1322 enim.
1535 1256 1630 1321 Et
1661 1257 1966 1322 continuo
2012 1257 2184 1322 mille
2229 1257 2622 1340 testimonia,
2673 1259 2846 1323 mille

592 1362 902 1447 exempla,
948 1364 1120 1428 mille
1166 1363 1590 1428 auctoritates
1635 1369 1841 1446 parat,
1892 1364 1973 1428 de
2020 1364 2221 1447 Lege,
2284 1364 2363 1430 de
2411 1365 2714 1448 Psalmis,
2764 1365 2846 1431 de

592 1468 957 1553 Apostolis,
1022 1471 1101 1535 de
1146 1470 1527 1554 Prophetis,
1597 1470 1829 1554 quibus
1874 1492 2042 1536 novo
2092 1478 2159 1536 et
2205 1472 2375 1537 malo
2423 1494 2604 1537 more
2649 1473 2846 1538 inter-

519 1606 571 1644 ιο
591 1578 866 1660 pretatis
929 1598 1007 1641 ex
1069 1598 1218 1643 arce
1281 1570 1603 1643 catholica
1661 1579 1726 1643 in
1787 1579 2133 1644 haereseos
2192 1579 2568 1644 barathrum
2630 1580 2848 1645 infelix

592 1685 803 1749 anima
831 1685 1317 1767 praecipitetur.
1396 1684 1449 1749 J
1451 1706 1556 1749 am
1586 1706 1738 1750 vero
1772 1684 1915 1767 illis,
1959 1707 2123 1768 quae
2156 1692 2534 1769 sequuntur,
2573 1688 2847 1770 promis·-

592 1771 877 1855 sionibus
909 1791 1071 1856 miro
1103 1790 1300 1856 modo
1335 1791 1632 1856 incautos
1661 1792 1953 1856 homines
1992 1792 2302 1858 haeretici
2349 1793 2645 1875 decipere
2694 1816 2846 1858 con·

592 1903 880 1963 suerunt.
959 1896 1231 1962 Audent
1263 1900 1501 1963 etenim
1532 1899 1826 1982 polliceri
1871 1905 1938 1964 et
1970 1899 2226 1983 docere,
2274 1900 2448 1984 quod
2479 1901 2545 1965 in
2578 1901 2844 1967 ecclesia

593 2027 742 2088 sua,
803 2004 870 2069 id
933 2010 1032 2070 est
1089 2006 1156 2070 in
1226 2007 1692 2072 communionis
1755 2027 1909 2072 suae
1956 2007 2399 2073 conventiculo
2419 2056 2436 2090 ,
2495 2030 2730 2091 magna
2777 2014 2844 2073 et

519 2143 572 2183 15
592 2112 888 2196 specialis
936 2134 1013 2177 ac
1058 2112 1252 2195 plane
1298 2114 1660 2195 personalis
1709 2113 2029 2197 quaedam
2077 2114 2159 2178 sit
2207 2114 2313 2179 dei
2369 2116 2614 2197 gratia,
2677 2116 2842 2180 adeo

589 2226 664 2284 ut
725 2222 861 2285 sine
918 2220 1049 2284 ullo
1097 2219 1354 2303 labore,
1415 2222 1553 2286 sine
1608 2221 1741 2286 ullo
1805 2221 2055 2302 studiO,
2119 2221 2254 2285 sine
2316 2219 2448 2285 ulla
2503 2221 2840 2303 industria,

590 2328 843 2393 etiamsi
889 2348 1007 2393 nec
1053 2332 1284 2410 petant
1329 2348 1448 2392 nec
1497 2331 1815 2409 quaerant
1845 2348 1966 2391 nec
1997 2325 2272 2408 pulsent,
2324 2326 2711 2408 quicumque
2747 2325 2843 2389 illi

591 2434 673 2500 ad
706 2454 1044 2498 numerum
1077 2454 1260 2497 suum
1291 2433 1638 2516 pertinent,
1672 2438 1889 2496 tamen
1918 2433 2010 2496 ita
2042 2432 2340 2496 divinitus
2366 2431 2838 2514 dispensentur,

588 2547 663 2606 ut
694 2540 997 2625 angelicis
1051 2541 1257 2604 evecti
1302 2538 1615 2621 manibus,
1664 2539 1731 2603 id
1772 2545 1871 2605 est
1918 2539 2208 2634 angelica
2254 2540 2661 2623 protectione
2711 2560 2843 2605 ser·
2901 2543 2912 2558 ’

517 2676 572 2716 2ο
589 2649 743 2731 vati,
792 2669 1144 2730 numquam
1187 2647 1441 2730 possint
1487 2652 1821 2727 offendere
1878 2651 1972 2712 ad
2012 2651 2301 2730 lapidem
2338 2651 2578 2730 pedem
2626 2667 2843 2729 suum,

589 2756 655 2821 id
703 2760 802 2821 est
847 2776 1196 2838 numquam
1242 2753 1686 2822 scandalizari.

767 2843 1237 2947 XXV11.'(36)
1264 2860 1395 2927 Sed
1416 2862 1572 2926 dicit
1594 2861 1853 2944 aliquis:
1883 2861 1935 2925 si
1960 2860 2186 2925 divinis
2213 2859 2484 2943 eloquiis
2507 2858 2844 2924 sententiis

589 2968 1121 3054 promissionibus
1165 2973 1231 3034 et
1280 2968 1575 3034 diabolus
1626 2974 1692 3032 et
1725 2967 2020 3051 discipuli
2052 2968 2189 3031 eius
2220 2973 2511 3048 utuntur,
2560 2988 2839 3049 quorum

591 3078 699 3142 alii
764 3082 914 3142 sunt
966 3079 1517 3160 pseudoapostoli
1585 3075 1692 3139 alii
1748 3079 2369 3157 pseudoprophetae
2430 3079 2497 3138 et
2547 3077 2841 3155 pseudo-

520 3209 572 3251 25
592 3192 904 3267 magistri
957 3189 1023 3249 et
1070 3204 1291 3248 omnes
1340 3204 1420 3247 ex
1464 3188 1610 3247 toto
1658 3182 1988 3263 haeretici,
2051 3181 2207 3264 quid
2250 3180 2490 3246 facient
2537 3179 2843 3244 catholici

589 3293 880 3358 homines
913 3297 978 3356 et
1009 3292 1234 3356 matris
1268 3291 1576 3355 ecclesiae
1607 3288 1768 3353 filii?
1846 3286 2343 3371 Quonammodo
2391 3288 2459 3351 in
2502 3287 2840 3369 scripturis

591 3400 827 3464 sanctis
873 3399 1209 3463 veritatem
1241 3417 1282 3462 a
1311 3396 1593 3462 falsitate
1637 3396 2054 3460 discernent?
2133 3394 2287 3458 Hoc
2336 3393 2581 3458 scilicet
2624 3393 2842 3458 facere

590 3526 982 3589 magnopere
1022 3504 1371 3587 curabunt,
1435 3503 1611 3587 quod
1656 3504 1721 3567 in
1767 3502 2080 3586 principio
2131 3501 2605 3565 commonitorii
2650 3500 2838 3564 istius

592 3619 853 3679 sanctos
888 3619 952 3677 et
999 3611 1230 3676 doctos
1277 3611 1447 3675 viros
1492 3609 1838 3674 tradidisse
1888 3608 2077 3673 nobis
2124 3608 2515 3691 scripsimus,
2564 3612 2638 3670 ut
2686 3606 2840 3671 divi-

519 3744 573 3784 30
591 3743 745 3785 num
806 3740 1118 3784 canonem
1164 3718 1518 3783 secundum
1564 3716 1934 3782 universalis
1983 3714 2294 3792 ecclesiae
2338 3713 2728 3780 traditiones
2777 3717 2842 3777 et

770 3971 803 4022 3
833 3971 880 4023 1.
909 3968 1036 4022 cor.
1061 3969 1112 4035 3,
1153 3967 1342 4020 16.17.
1490 3969 1522 4019 7
1561 3966 1667 4020 Mt.
1705 3968 1756 4034 4,
1796 3967 1848 4020 6.
1996 3967 2062 4019 17
2101 3964 2167 4018 cf.
2206 3964 2312 4018 Mt.
2353 3966 2402 4031 7,
2444 3966 2493 4019 7.
2640 3965 2710 4017 2ο
2734 3960 2841 4016 Mt.

589 4061 642 4125 4,
680 4060 731 4113 6.
966 4059 1032 4111 21
1074 4057 1141 4113 cf.
1179 4056 1346 4112 Rom.
1387 4059 1471 4125 14,
1510 4058 1598 4109 21.
1828 4057 1900 4109 24
1936 4057 1986 4108 2.
2028 4054 2154 4109 Gor.
2197 4056 2280 4121 11,
2323 4056 2406 4108 13.
2481 4055 2532 4109 2.
2571 4052 2661 4107 Pt.
2699 4055 2751 4121 2,
2792 4053 2839 4105 1.
