3092 4717
1208 475 1213 482 .
1262 425 1353 482 IV
1388 428 1639 496 (5)-(6).
2525 434 2563 493 5

317 589 623 670 deinceps
670 587 849 652 bono
898 608 1078 652 more
1124 587 1312 652 unius
1359 592 1473 651 aut
1515 594 1689 653 certe
1720 610 2075 672 paucorum
2106 591 2398 655 vesaniae
2429 592 2567 655 uni-

317 716 650 759 versorum
696 694 941 758 sanitas
989 694 1436 763 anteferretur.

496 801 595 886 (6)
644 800 815 865 Item
846 801 1104 884 quando
1137 800 1572 868 Arrianorum
1601 824 1911 868 venenum
1957 827 2090 870 non
2119 805 2247 869 iam
2277 804 2567 887 portiun-

321 909 531 974 culam
564 909 888 992 quandam
920 910 1035 973 sed
1066 930 1272 991 paene
1308 910 1527 975 orbem
1561 916 1776 976 totum
1807 911 2376 994 contaminaverat,
2403 912 2565 977 adeo

319 1023 397 1080 ut
441 1038 645 1099 prope
695 1017 944 1080 cunctis
990 1017 1172 1081 latini
1217 1018 1530 1083 sermonis
1579 1019 1897 1101 episcopis
1943 1019 2180 1102 partim
2225 1020 2288 1083 vi
2330 1020 2566 1102 partim
2587 1042 2613 1083 5

322 1123 546 1187 fraude
593 1123 882 1206 deceptis
932 1124 1137 1206 caligo
1184 1124 1499 1206 quaedam
1528 1124 1849 1189 mentibus
1883 1123 2343 1207 offunderetur,
2393 1126 2569 1208 quid-

322 1252 471 1295 nam
516 1231 926 1314 potissimum
970 1231 1037 1295 in
1083 1237 1268 1296 tanta
1296 1253 1509 1296 rerum
1543 1232 1917 1297 confusione
1950 1233 2348 1316 sequendum
2377 1232 2566 1313 foret,

318 1344 495 1417 tunc,
563 1338 851 1421 quisquis
899 1360 1086 1403 verus
1134 1336 1377 1403 Christi
1423 1346 1681 1404 amator
1737 1345 1805 1404 et
1851 1341 2066 1405 cultor
2113 1341 2346 1422 extitit,
2409 1341 2568 1405 anti-

319 1466 513 1527 quam
557 1443 754 1509 fidem
812 1445 1103 1510 novellae
1162 1446 1473 1529 perfidiae
1532 1447 1987 1530 praeferendo,
2048 1448 2229 1512 nulla
2289 1448 2571 1531 contagii

317 1554 519 1636 ipsius
565 1559 751 1636 peste
796 1553 1158 1618 maculatus
1207 1560 1325 1620 est.
1421 1553 1621 1619 Cuius
1655 1555 1912 1637 quidem
1944 1555 2254 1637 temporis
2284 1555 2568 1639 periculo
2592 1581 2642 1622 ιο

319 1662 478 1724 satis
527 1681 850 1744 superque
896 1667 1328 1726 monstratum
1375 1667 1501 1744 est,
1567 1669 1880 1745 quantum
1932 1663 2271 1727 invehatur
2319 1661 2572 1727 calami-

317 1770 472 1833 tatis
517 1769 748 1834 novelli
798 1769 1120 1851 dogmatis
1166 1769 1561 1835 inductione.
1642 1769 1825 1834 Tunc
1858 1770 2172 1852 siquidem
2202 1792 2332 1835 non
2364 1769 2573 1834 solum

318 1898 554 1959 parvae
600 1898 724 1958 reS,
776 1876 891 1940 sed
938 1877 1132 1942 etiam
1173 1878 1486 1941 maximae
1516 1876 1948 1942 labefactatae
1982 1884 2150 1945 sunt.
2228 1877 2371 1942 Nec
2406 1878 2574 1943 enim

324 1989 575 2048 tantum
606 1983 972 2049 adfinitates
1021 1985 1438 2067 cognationes
1480 1986 1797 2050 amicitiae
1844 1985 2095 2068 domuS,
2128 2006 2347 2049 verum
2380 1985 2572 2048 etiam

327 2089 521 2154 urbes
568 2090 789 2173 populi
832 2092 1202 2173 provinciae
1248 2092 1575 2173 nationeS,
1637 2092 2000 2155 universum
2051 2097 2379 2174 postremo
2437 2091 2643 2157 Ro-15

325 2219 583 2261 manum
627 2197 959 2280 imperium
1005 2198 1294 2262 funditus
1343 2219 1728 2264 concussum
1761 2204 1826 2262 et
1859 2205 2141 2263 emotum
2173 2203 2293 2262 est.
2370 2196 2439 2262 N
2441 2219 2572 2263 am-

321 2324 447 2386 que
495 2325 638 2368 cum
695 2305 971 2388 profana
1029 2306 1171 2388 ipsa
1215 2304 1651 2369 Arrianorum
1711 2305 1965 2369 novitas
2024 2304 2197 2369 velut
2257 2305 2573 2388 quaedam

319 2410 597 2477 Bellona
628 2416 742 2477 aut
772 2412 994 2492 Furia,
1045 2417 1240 2494 capto
1287 2412 1497 2494 primo
1550 2412 1834 2478 omnium
1878 2413 2292 2494 imperatore,
2342 2416 2574 2477 cuncta

325 2518 555 2583 deinde
601 2520 828 2602 palatii
875 2519 1154 2584 culmina
1198 2519 1445 2602 legibus
1477 2520 1657 2584 novis
1689 2520 2119 2603 subiugasset,
2166 2540 2573 2602 nequaquam

322 2627 623 2710 deinceps
673 2627 922 2692 destitit
967 2628 1267 2691 universa
1310 2628 1579 2692 miscere
1626 2633 1823 2709 atque
1870 2648 2127 2707 vexare,
2188 2629 2444 2711 privata
2498 2647 2646 2692 aoso

321 2733 598 2816 publica,
649 2755 836 2798 sacra
865 2734 1267 2817 profanaque
1300 2735 1533 2815 omnia,
1582 2733 1824 2797 nullum
1871 2735 2029 2798 boni
2076 2739 2141 2798 et
2180 2735 2312 2798 veri
2354 2755 2575 2816 gerere

321 2839 693 2923 discrimen,
756 2842 870 2906 sed
927 2863 1366 2924 quoscumque
1416 2839 1862 2922 conlibuisset,
1924 2846 2253 2923 tamquam
2302 2841 2382 2906 de
2428 2840 2575 2906 loco

320 2949 651 3031 superiore
710 2955 1072 3031 percutere.
1169 2947 1353 3013 Tunc
1408 2954 1763 3013 temeratae
1811 2949 2143 3030 coniuges,
2208 2947 2576 3031 depullatae

315 3055 568 3137 viduae,
614 3056 997 3137 profanatae
1043 3056 1338 3137 virgineS,
1389 3055 1741 3120 dilacerata
1771 3056 2183 3134 monasteria,
2234 3054 2577 3119 disturbati

322 3162 576 3246 clerici,
646 3163 968 3228 verberati
1011 3163 1278 3243 levitae,
1334 3164 1465 3227 acti
1535 3163 1600 3225 in
1669 3162 1923 3227 exilium
1985 3161 2357 3226 sacerdotes
2379 3210 2396 3243 ,
2462 3182 2572 3243 op·
2594 3185 2645 3224 25

321 3268 499 3351 pleta
523 3271 762 3334 sanctis
788 3270 1114 3353 ergastula
1157 3291 1449 3335 carceres
1479 3269 1760 3351 metalla,
1801 3291 2075 3353 quorum
2105 3290 2255 3352 pars
2277 3270 2576 3348 maxima,

321 3376 681 3441 interdictis
727 3378 991 3442 urbibus
1031 3377 1319 3461 protrusi
1359 3383 1558 3460 atque
1600 3383 1889 3442 extorres
1927 3377 2100 3441 inter
2131 3376 2390 3441 deserta
2438 3398 2577 3459 spe·

322 3480 542 3547 luncas
608 3484 779 3549 feras
850 3506 1034 3565 saxa,
1114 3484 1408 3548 nuditate
1477 3484 1650 3548 farne
1719 3484 1825 3547 siti
1894 3481 2108 3548 affecti
2179 3484 2441 3548 contriti
2511 3489 2579 3548 et

322 3588 635 3654 tabefacti
679 3596 850 3655 sunt.
930 3590 1155 3674 Atque
1201 3591 1364 3655 haec
1413 3590 1628 3656 omnia
1673 3589 1984 3673 numquid
2028 3589 2222 3653 ullam
2261 3589 2448 3654 aliam
2492 3590 2576 3655 ob

320 3716 616 3778 causam,
687 3698 809 3761 nisi
871 3700 1097 3782 utique
1166 3699 1317 3763 dum
1380 3720 1501 3782 pro
1570 3698 1832 3763 caelesti
1889 3696 2197 3780 dogmate
2257 3697 2578 3764 humanae
2597 3720 2651 3759 30

319 3805 814 3885 superstitiones
869 3806 1399 3890 introducuntur,
1461 3806 1615 3869 dum
1672 3805 1837 3870 bene
1895 3804 2168 3869 fundata
2225 3805 2576 3888 antiquitas

321 3910 595 3976 scelesta
639 3914 928 3978 novitate
976 3914 1328 3995 subruitur,
1379 3914 1534 3977 dum
1577 3913 1981 3996 superiorum
2011 3912 2311 3977 instituta
2339 3913 2575 3978 violan-

318 4023 449 4101 tur,
499 4018 651 4084 dum
696 4022 1153 4087 rescinduntur
1198 4023 1362 4087 scita
1406 4027 1687 4106 patrum,
1736 4021 1889 4086 dum
1936 4020 2378 4086 convelluntur
2422 4019 2577 4084 defi-
