3092 4717
590 470 669 531 16
1579 469 1668 525 XI
1704 470 1836 562 (16).

584 649 732 692 nam
776 633 1064 693 tentasse
1111 636 1524 712 memoratur,
1573 632 1686 696 ubi
1731 653 1873 697 cum
1920 654 2153 715 magno
2206 634 2485 699 omnium
2516 634 2736 700 favore
2766 636 2836 700 in

582 736 1015 800 sacerdotium
1079 737 1308 803 fuisset
1367 738 1654 803 adscitus
1703 745 1770 804 et
1815 740 2187 822 aliquandiu
2235 746 2566 824 tamquam
2612 743 2835 807 catho-

581 842 739 908 licus
787 843 1282 926 administraret,
1333 844 1547 911 subito
1583 847 1749 911 sicut
1780 847 1986 912 malus
2018 847 2121 912 ille
2150 853 2478 931 propheta
2510 861 2636 916 aut
2662 872 2836 916 som-

582 958 843 1032 niator,
916 973 1107 1034 quem
1151 951 1414 1038 Moyses
1476 954 1825 1039 significat,
1897 956 2212 1021 creditam
2259 958 2381 1022 sibi
2426 959 2683 1041 plebem
2728 960 2834 1026 dei

534 1082 559 1120 5
579 1059 968 1140 persuadere
1016 1061 1253 1144 coepit,
1302 1067 1377 1126 ut
1408 1068 1791 1144 sequeretur
1824 1067 1985 1129 deos
2015 1070 2299 1147 alieno-9,
2345 1065 2413 1128 id
2446 1072 2543 1130 est
2577 1088 2832 1132 errores

582 1170 948 1247 extraneOS,
1015 1188 1184 1249 quos
1250 1173 1445 1232 antea
1488 1169 1840 1237 nesciebat.
1935 1167 2066 1235 Sed
2111 1171 2237 1236 hoc
2282 1172 2622 1254 usitatum3
2670 1174 2831 1238 illud

579 1293 729 1336 vero
776 1273 1239 1357 perniciosum,
1302 1276 1479 1357 quod
1537 1276 1622 1340 ad
1679 1283 1934 1342 tantum
1991 1277 2174 1342 nefas
2220 1300 2350 1343 non
2399 1278 2829 1348 mediocribus

578 1379 977 1445 adminiculis
1023 1381 1367 1452 utebatur.-
1440 1380 1618 1447 Nam
1664 1389 1804 1448 erat
1851 1390 1916 1448 et
1959 1385 2197 1468 ingenii
2243 1386 2481 1451 viribus
2512 1387 2730 1453 valens
2764 1393 2829 1452 et

580 1485 913 1551 doctrinae
984 1488 1214 1569 opibus
1281 1489 1597 1554 exceHens
1667 1496 1734 1555 et
1789 1491 2041 1574 eloquio
2089 1499 2517 1576 praepotens,
2590 1496 2830 1577 quippe

507 1622 559 1660 10
580 1594 690 1674 qui
733 1599 1012 1676 utroque
1060 1616 1354 1661 sermone
1401 1598 1665 1679 copiose
1713 1603 1779 1662 et
1826 1600 2106 1681 graviter
2153 1600 2515 1684 disputaret
2563 1608 2630 1666 et
2677 1603 2822 1667 scri·

577 1700 788 1781 beret3
838 1701 1014 1782 quod
1044 1704 1471 1767 monumentis
1503 1704 1813 1770 librorum
1846 1727 2107 1771 suorum
2139 1707 2614 1790 manifestatur,
2663 1731 2827 1793 quos

576 1805 746 1871 idem
791 1807 1026 1889 partim
1075 1830 1306 1892 graeco
1356 1811 1596 1893 partim
1638 1811 1842 1877 latino
1891 1834 2186 1879 sermone
2235 1816 2617 1898 composuit.
2697 1815 2828 1881 Sed

576 1913 762 1995 bene,
813 1914 988 1996 quod
1034 1917 1414 1982 commissae
1459 1918 1587 2001 ipsi
1632 1940 1782 1984 oves
1814 1918 2074 2004 Christi,
2121 1922 2393 1986 'multum
2438 1944 2556 2005 pro
2605 1923 2827 1987 catho-

574 2019 699 2084 lica
760 2018 888 2085 fide
934 2023 1269 2106 vigilantes
1333 2031 1400 2090 et
1462 2032 1714 2110 cautae,
1782 2028 1909 2093 cito
1958 2028 2042 2093 ad
2089 2031 2565 2111 praemonentis
2611 2030 2828 2114 Moysi

505 2151 557 2190 15
578 2128 831 2211 eloquia
873 2138 1332 2216 respexerunt,
1405 2139 1470 2198 et
1514 2137 1869 2218 prophetae
1917 2141 2111 2219 atque
2157 2139 2439 2218 pastoris
2511 2138 2609 2201 sui
2676 2138 2827 2200 licet

577 2234 1048 2302 admirarentur
1093 2240 1566 2324 eloquentiam,
1635 2243 2061 2306 tentationem
2116 2247 2334 2304 tamen
2393 2264 2521 2304 non
2566 2244 2824 2321 ignora-

574 2349 745 2407 runt.
839 2344 1012 2409 Nam
1061 2368 1249 2429 quem
1316 2354 1506 2411 antea
1563 2349 1747 2429 quasi
1791 2348 2060 2412 arietem
2106 2348 2317 2428 gregis
2366 2346 2821 2429 sequebantur,

577 2450 851 2516 eundem
898 2451 1200 2535 deinceps
1245 2452 1420 2518 velut
1465 2453 1688 2535 lupum
1734 2452 1958 2535 fugere
2007 2458 2385 2535 coeperunt.

753 2557 987 2641 Neque
1049 2561 1255 2624 solum
1301 2559 1564 2624 Photini
1629 2561 1743 2625 sed
1813 2560 2009 2624 etiam
2056 2558 2457 2643 Apollinaris
2529 2559 2823 2643 exemplo

501 2687 554 2727 20
574 2668 757 2732 istius
805 2667 1275 2733 ecclesiasticae
1320 2668 1697 2732 tentationis
1744 2668 2098 2751 periculum
2148 2667 2467 2748 discimuS,
2527 2673 2593 2731 et
2640 2667 2826 2732 simul

577 2775 660 2839 ad
731 2774 1169 2840 observandae
1248 2775 1614 2857 diligentius
1682 2775 1832 2840 fidei
1896 2775 2256 2840 custodiam
2324 2796 2822 2841 commonemur.

576 2883 671 2947 Et
714 2885 853 2965 ipse
892 2884 1060 2948 enim
1107 2884 1511 2949 auditoribus
1561 2884 1690 2948 suis
1722 2904 1993 2967 magnos
2026 2889 2246 2949 aestus
2294 2890 2359 2949 et
2403 2903 2671 2965 magnas
2720 2903 2823 2965 ge-

577 2992 824 3056 neravit
892 2992 1224 3074 angustias
1244 3040 1260 3073 ,
1331 2993 1569 3075 quippe
1641 3014 1784 3055 cum
1849 3012 1957 3056 eos
2004 2992 2131 3055 huc
2181 2990 2486 3055 ecclesiae
2533 2989 2850 3071 traheret,

578 3099 956 3181 auctoritas,
1004 3100 1130 3163 huc
1161 3098 1453 3181 magistri
1488 3099 1854 3163 retraheret
1885 3096 2306 3179 consuetudo,
2357 3117 2626 3179 cumque
2657 3096 2828 3160 inter

505 3232 558 3271 25
576 3212 851 3288 utraque
896 3205 1259 3270 nutabundi
1291 3210 1357 3270 et
1385 3204 1796 3288 fiuctuanteS,
1847 3205 2000 3288 quid
2029 3206 2250 3287 potius
2279 3202 2399 3267 sibi
2431 3203 2827 3286 seligendum

577 3313 775 3396 foret,
832 3335 966 3378 non
1013 3314 1411 3396 expedirent.
1507 3312 1640 3379 Sed
1686 3314 1960 3378 forsitan
2008 3310 2325 3377 eiusmodi
2370 3310 2475 3375 ille
2522 3312 2617 3375 vir
2664 3316 2823 3391 erat,

580 3421 690 3503 qui
758 3420 986 3503 dignus
1059 3426 1232 3485 esset
1298 3421 1486 3486 facile
1557 3420 1924 3486 contemni?
2017 3419 2226 3483 Immo
2249 3465 2252 3472 ,
2275 3438 2429 3483 vero
2477 3421 2700 3481 tantus
2749 3438 2825 3481 ac

579 3526 759 3608 talis,
833 3528 936 3591 cui
1001 3528 1266 3592 nimium
1330 3529 1458 3593 cito
1515 3530 1582 3592 in
1626 3528 1916 3611 plurimis
1954 3526 2355 3591 crederetur.
2449 3524 2624 3589 Nam
2672 3523 2825 3606 quid

578 3635 689 3699 illo
759 3635 1196 3717 praestantius
1276 3637 1567 3700 acumine
1643 3634 2102 3699 exercitatione
2179 3632 2527 3711 doctrina?
2613 3629 2820 3714 Quam

507 3766 561 3806 30
580 3741 814 3806 multas
882 3742 986 3805 ille
1053 3742 1354 3807 haereses
1423 3742 1640 3806 multis
1709 3739 2133 3805 voluminibus
2194 3739 2614 3822 oppresserit,
2666 3740 2827 3820 quot

580 3849 869 3913 inimicos
936 3846 1087 3913 fidei
1156 3848 1589 3914 confutaverit
1659 3868 1941 3930 erroreS,
2009 3846 2244 3911 indicio
2317 3852 2414 3911 est
2461 3865 2624 3927 opus
2670 3842 2827 3907 illud

757 4084 792 4136 3
830 4082 992 4136 Deut.
1034 4083 1118 4151 13,
1156 4084 1206 4135 3.
1423 4081 1456 4134 5
1493 4081 1655 4135 Deut.
1698 4082 1780 4147 13,
1819 4082 1870 4135 2.
2148 4081 2217 4133 14
2235 4078 2303 4133 cf.
2344 4077 2504 4131 Deut.
2545 4078 2629 4145 13,
2671 4076 2827 4129 1—3.
