3092 4717
600 443 682 504 32
1362 438 1510 492 xxi
1544 439 1662 508 (26)
1671 437 1914 493 -xxn
1952 437 2066 509 (27)

595 605 698 664 est
744 601 1019 683 novitaS,
1082 605 1342 666 sacrat-a
1389 606 1488 665 est
1534 604 1846 664 vetustas.
1941 602 2034 665 Ec
2076 607 2551 683 oppositiones,
2614 601 2846 684 inquit,

585 713 760 788 falsi
804 715 1099 772 nominis
1143 715 1488 772 scientiae.
1568 707 1745 775 Vere
1776 706 2011 772 falsum
2041 728 2279 772 nomen
2310 706 2485 790 apud
2517 707 2851 773 doctrinas

593 816 1087 897 haereticorum,
1136 821 1212 880 ut
1257 815 1629 899 ignorantia
1673 815 1981 879 scientiae
2028 820 2094 880 et
2135 815 2341 898 caligo
2383 815 2748 881 serenitatis
2782 820 2847 880 et

592 923 902 989 tenebrae
955 923 1211 988 luminis
1267 922 1694 1006 appellatione
1740 922 2057 987 fucentur.
2162 925 2365 999 Quam
2414 927 2708 1004 quidam,
2752 923 2851 986 in-

549 1053 574 1093 5
597 1030 766 1114 quit,
827 1039 1305 1114 promittentes
1364 1037 1546 1095 eirea
1600 1033 1805 1111 fldem
1854 1034 2271 1095 eoeeiderunt.
2365 1027 2538 1112 Quid
2584 1031 2846 1114 promit-

592 1143 806 1203 tentes
855 1138 1260 1221 exciderunt,
1325 1137 1449 1202 nisi
1513 1158 1747 1202 novam
1813 1138 2029 1202 nescio
2091 1158 2286 1220 quam
2348 1137 2851 1221 ignoratamque

593 1246 956 1311 doctrinam
973 1245 1006 1309 P

770 1351 1025 1417 Audias
1073 1352 1310 1417 etenim
1356 1351 1676 1435 quosdam
1722 1352 2011 1433 ipsorum
2060 1351 2308 1417 dicere:
2369 1352 2603 1432 venite,
2665 1372 2703 1416 o
2750 1351 2844 1414 in-

591 1460 899 1543 sipientes
946 1465 1012 1525 et
1057 1460 1292 1542 miseri,
1343 1460 1452 1542 qui
1491 1459 1682 1541 vulgo
1736 1458 2037 1523 catholici
2068 1459 2454 1539 vocitamini,
2505 1463 2571 1523 et
2617 1458 2845 1522 discite

520 1594 572 1632 10
589 1566 782 1633 fidem
828 1589 1063 1650 veram,
1113 1590 1307 1651 quam
1353 1572 1613 1650 praeter
1658 1586 1776 1630 nos
1807 1565 2027 1630 nullus
2057 1566 2378 1649 intelligit,
2429 1587 2597 1649 quae
2627 1565 2853 1629 multis

590 1681 739 1740 ante
786 1675 1059 1740 saeculis
1104 1674 1312 1753 latuit,
1360 1694 1567 1756 nuper
1596 1694 1746 1737 vero
1779 1672 2061 1737 revelata
2107 1678 2173 1737 et
2220 1677 2481 1737 ostensa
2525 1676 2645 1736 est.
2714 1670 2848 1737 Sed

591 1783 816 1847 discite
863 1781 1081 1846 furtim
1132 1787 1328 1865 atque
1375 1780 1694 1862 secretim,
1743 1779 2090 1844 delectabit
2137 1780 2304 1844 enim
2353 1800 2499 1861 vos3
2550 1784 2617 1843 et
2656 1780 2815 1844 item
2826 1828 2852 1861 r

589 1910 737 1954 cum
784 1888 1153 1970 didiceritis,
1203 1888 1484 1953 latenter
1515 1887 1769 1970 docete,
1817 1908 1898 1952 ne
1930 1886 2207 1950 mundus
2239 1885 2484 1968 audiat,
2530 1907 2614 1951 ne
2647 1887 2847 1951 eccle-

589 1997 684 2061 sia
731 1998 927 2078 sciat3
975 1997 1198 2080 paucis
1243 2017 1524 2079 namque
1558 2016 1936 2060 concessum
1970 1999 2070 2060 est
2101 1994 2268 2058 tanti
2297 1993 2582 2077 mysterii
2613 2013 2853 2076 capere-

517 2127 569 2167 15
591 2109 930 2169 secretum.
1022 2103 1261 2169 Nonne
1324 2103 1490 2168 haec
1536 2103 1736 2168 verba
1796 2108 1946 2168 sunt
2000 2101 2167 2166 illius
2221 2100 2608 2181 meretriciS,
2676 2119 2852 2181 quae-

589 2212 764 2295 apud
796 2210 1166 2277 Solomonis
1196 2211 1556 2275 Proverbia
1602 2220 1795 2275 vocat
1838 2214 1931 2273 ad
1971 2229 2047 2272 se
2085 2216 2601 2289 praetereuntes
2644 2212 2848 2282 viam,

589 2327 703 2399 qui
748 2323 1051 2399 dirimant
1096 2327 1230 2383 iter
1276 2338 1467 2381 suum
1488 2324 1522 2380 ἒ
1605 2318 1729 2390 Qui
1761 2324 1885 2393 est,
1918 2314 2146 2394 inquit,
2191 2321 2486 2375 vestrum.
2518 2315 2841 2390 insipien-

589 2434 918 2507 tis-sinim,
968 2428 1258 2489 divertat
1305 2427 1397 2486 ad
1437 2442 1565 2486 me.
1630 2425 1872 2502 Inopes
1919 2428 2141 2483 autem
2189 2437 2393 2481 sensu
2439 2419 2843 2480 eoelzortatur

590 2537 858 2599 dicens:
890 2552 1111 2614 pane-s·
1158 2533 1448 2595 occultos
1496 2531 1783 2592 libenter
1828 2531 2180 2606 adtinyite,
2213 2533 2283 2588 et
2309 2543 2549 2603 aquam
2583 2524 2850 2585 dulcem

518 2647 825 2723 zofurtim
877 2643 1098 2705 bibite.
1194 2635 1367 2719 Quid
1414 2634 1695 2700 deinde?
1761 2636 1850 2700 At
1891 2638 2032 2713 ille,
2093 2631 2324 2714 inquit,
2387 2636 2625 2707 nescit,
2689 2648 2853 2708 quo--

591 2756 773 2813 niam
821 2754 1207 2828 terriyenae
1254 2747 1438 2827 apud
1481 2763 1628 2809 eam
1665 2751 1979 2825 pereunt.
2082 2736 2211 2821 Qui
2271 2742 2425 2801 sunt
2482 2735 2590 2800 isti
2651 2740 2846 2799 terri·

587 2862 853 2936 yenae?
937 2853 1248 2935 Exponat
1294 2850 1663 2934 apostolus:
1729 2849 1839 2931 qui
1885 2854 2068 2913 cirea
2108 2848 2337 2927 fldem,
2385 2842 2618 2925 inquit,
2667 2847 2844 2906 eoeei-

592 2967 851 3028 derunt.

768 3067 1016 3132 XXII.
1045 3066 1189 3149 (27)
1215 3064 1347 3131 Sed
1381 3085 1619 3147 operae
1642 3063 1923 3146 pretium
1953 3065 2052 3125 est
2084 3064 2297 3123 totum
2326 3058 2537 3140 ipsum
2568 3053 2847 3137 apostoli

520 3207 574 3247 25
594 3177 946 3261 capitulum
1000 3174 1368 3257 diligentius
1422 3176 1847 3257 pertractare.
1952 3171 2002 3235 0
2058 3170 2413 3248 Timothee,
2457 3164 2688 3246 inquit,
2738 3166 2856 3227 de-

590 3292 887 3367 positum
950 3286 1212 3348 custodi
1224 3334 1246 3365 ,
1310 3284 1617 3346 devitans
1668 3282 2003 3361 profanas
2050 3294 2276 3340 vocum
2324 3278 2675 3337 novitates.
2760 3271 2860 3335 Os

593 3390 998 3457 Exclamatio
1065 3389 1194 3453 ista
1262 3393 1328 3452 et
1395 3385 1863 3469 praescientiae
1934 3388 2034 3447 est
2100 3379 2350 3463 pariter
2410 3382 2474 3443 et
2535 3376 2852 3441 caritatis.

594 3497 1029 3564 Praevidebat
1074 3497 1244 3561 enim
1289 3494 1580 3576 futuros,
1630 3513 1793 3575 quos
1841 3490 2037 3556 etiam
2080 3484 2523 3571 praedolebat,
2574 3503 2854 3548 errores,

596 3604 756 3689 Quis
803 3611 903 3669 est
947 3603 1140 3668 hodie
1184 3604 1554 3667 Timotheus
1585 3600 1707 3664 nisi
1753 3597 1852 3663 vel
1899 3594 2286 3679 generaliter
2323 3592 2618 3656 universa
2649 3590 2846 3655 eccle-

525 3741 578 3782 ao
597 3716 691 3781 sia
734 3712 835 3777 vel
881 3710 1245 3796 specialiter
1290 3713 1503 3774 totum
1538 3728 1772 3790 corpus
1803 3703 2345 3788 praepositorum,
2394 3700 2505 3783 qui
2534 3699 2857 3781 integram.

610 4000 615 4004 -
780 3968 846 4019 17
883 3964 1052 4018 Prov.
1091 3964 1142 4030 9,
1172 3961 1240 4015 15
1276 3989 1348 4002 --
1388 3960 1473 4013 18.
1734 3957 1804 4009 22
1846 3957 1893 4008 1.
1931 3953 2071 4007 Tim.
2111 3954 2163 4019 6,
2203 3952 2290 4004 21.
2508 3947 2580 4002 25
2620 3949 2670 4001 1.
2704 3946 2854 4001 Tim.

599 4059 650 4124 6,
688 4058 774 4111 20.
