3092 4717
550 387 590 448 8
1464 380 1551 436 VI
1589 379 1870 449 (9)—(10).

548 563 744 606 unum
777 541 1036 625 aliquod
1069 547 1132 608 et
1163 541 1284 607 hoc
1316 542 1399 607 ab
1433 541 1789 625 apostolica
1817 541 2224 624 potissimum
2256 542 2406 607 sede
2446 561 2793 623 8011101008,

547 654 621 713 01
654 670 874 714 01111108
919 649 1062 714 1000
1110 649 1342 715 clarius
1388 649 1667 731 videant,
1715 649 2058 714 beatorum
2104 649 2553 731 apostolorum
2600 649 2800 715 beata

548 758 868 822 successio
896 763 1141 841 quanta
1163 758 1223 821 vi
1255 778 1525 839 semper,
1562 762 1805 840 quanto
1838 757 2076 838 studio,
2110 762 2356 840 quanta
2387 757 2798 823 contentione

550 862 907 928 defenderit
955 869 1294 947 susceptae
1326 863 1524 928 semel
1554 863 1881 947 religionis
1918 864 2377 946 integritatem.
2457 846 2800 947 Quondam

501 990 528 1030 5
548 970 741 1052 igitur
786 971 1165 1035 venerabilis
1212 971 1562 1036 memoriae
1608 968 2004 1053 Agrippinus
2059 968 2606 1053 Carthaginiensis
2671 972 2800 1055 epi·

549 1098 784 1159 scopus
830 1078 1072 1160 primus
1119 1078 1398 1142 omnium
1455 1076 1822 1141 mortalium
1894 1083 2121 1142 contra
2190 1076 2404 1141 divum
2466 1098 2798 1159 canonem,

548 1190 779 1249 contra
811 1185 1182 1249 universalis
1225 1185 1532 1249 ecclesiae
1579 1184 1885 1267 regulam,
1935 1190 2162 1250 contra
2208 1206 2464 1249 sensum
2513 1186 2799 1251 omnium

548 1292 1106 1374 consacerdotum,
1142 1296 1372 1357 contra
1402 1313 1649 1356 morem
1678 1298 1874 1375 atque
1905 1293 2205 1357 instituta
2233 1294 2550 1357 maiorum
2572 1293 2796 1377 rebap-

548 1398 876 1463 tizandum
941 1421 1081 1465 esse
1147 1399 1472 1467 censebat.
1581 1397 1764 1481 Quae
1825 1400 2266 1482 praesumptio
2327 1405 2584 1464 tantum
2648 1399 2802 1463 mali

476 1535 530 1573 10
547 1505 803 1588 invexit,
850 1511 921 1570 ut
968 1528 1097 1571 non
1144 1506 1353 1572 solum
1398 1506 1740 1570 haereticis
1790 1506 2083 1571 omnibus
2140 1506 2416 1571 formam
2461 1507 2796 1591 sacrilegii,

547 1612 661 1677 sed
691 1615 884 1679 etiam
918 1614 1299 1697 quibusdam
1337 1613 1671 1680 catholicis
1701 1615 2102 1679 occasionem
2135 1615 2504 1696 praebuerit
2536 1616 2796 1681 0110118.

548 1718 712 1784 Cum
744 1742 897 1803 ergo
931 1720 1212 1803 undique
1246 1720 1332 1785 ad
1363 1721 1720 1785 novitatem
1749 1722 1844 1785 rei
1875 1722 2088 1785 cuncti
2118 1720 2563 1802 reclamarent,
2601 1730 2798 1806 atque

548 1849 766 1892 omnes
834 1849 1352 1911 quaquaversum
1418 1828 1789 1893 sacerdotes
1857 1849 1974 1912 pro
2047 1850 2162 1893 suo
2236 1829 2506 1911 quisque
2580 1830 2796 1894 studio

545 1936 1013 2018 reniterentur,
1069 1941 1226 2000 111110
1283 1936 1515 2001 beatae
1576 1937 1921 2000 memoriae
1967 1958 2140 2019 papa
2187 1933 2575 2019 StephanuS,
2644 1958 2798 2019 apo-

476 2042 817 2109 1581011080
850 2044 1019 2109 sedis
1067 2044 1360 2124 antistes,
1409 2066 1556 2108 cum
1606 2045 1837 2109 ceteris
1886 2044 2144 2127 quidem
2191 2043 2452 2126 collegis
2500 2046 2652 2126 81118,
2686 2044 2800 2108 sed

547 2162 765 2216 tamen
810 2174 967 2234 prae
1016 2152 1248 2216 ceteris
1294 2153 1557 2233 restitit,
1620 2152 1915 2234 dign‘um,
1979 2155 2053 2214 ut
2101 2152 2352 2233 opinor,
2402 2152 2795 2229 existimanS,

547 2258 601 2320 si
646 2259 932 2340 reliquos
981 2279 1202 2322 omnes
1249 2264 1503 2322 tantum
1550 2256 1701 2321 fidei
1743 2257 2083 2320 devotione
2131 2257 2430 2335 vinceret,
2482 2259 2795 2336 quantum

546 2363 673 2429 loci
719 2364 1112 2429 auctoritate
1160 2363 1528 2446 superabat.
1623 2362 1923 2443 Denique
1970 2362 2036 2424 in
2084 2361 2379 2443 epistula,
2429 2381 2594 2443 quae
2640 2366 2796 2424 1000

565 2471 649 2536 8(1
694 2471 990 2535 Africam
1046 2471 1241 2534 missa
1286 2475 1414 2552 est,
1469 2470 1567 2533 his
1614 2468 1822 2532 verbis
1870 2469 2113 2532 sanxit:
2171 2471 2344 2534 nihil
2400 2472 2795 2549 novandum,

476 2606 528 2644 20
551 2586 689 2643 nisi
733 2583 910 2659 quod
951 2583 1275 2643 traditum
1326 2587 1446 2642 est.
1531 2575 1947 2659 Intelligebat
1994 2576 2230 2641 etenim
2277 2576 2373 2640 vir
2420 2583 2685 2641 sanctus
2733 2583 2799 2640 01

547 2686 849 2769 11111ᾶο08,
876 2686 1032 2750 nihil
1063 2686 1235 2751 aliud
1266 2686 1587 2750 rationem
1617 2685 1879 2767 pietatis
1913 2685 2277 2767 admittere,
2302 2686 2424 2750 nisi
2454 2692 2527 2749 ut
2561 2686 2795 2767 omnia,

547 2814 676 2875 qua
721 2793 847 2858 fide
891 2815 930 2857 a
970 2794 1264 2877 patribus
1308 2799 1610 2877 suscepta
1639 2792 1901 2874 forent,
1954 2793 2182 2857 eadem
2226 2792 2355 2857 fide
2401 2792 2545 2858 filiis
2593 2793 2798 2858 consi-

549 2906 916 2982 gnarentur,
969 2922 1218 2983 nosque
1250 2900 1624 2984 religionem
1655 2922 1805 2981 non,
1840 2922 1971 2982 qua
2003 2901 2326 2979 vellemus,
2376 2900 2634 2981 ducere,
2684 2899 2798 2964 sed

547 3007 784 3090 potius,
833 3028 961 3090 qua
1004 3007 1112 3071 illa
1145 3008 1430 3089 duceret,
1482 3007 1665 3090 sequi
1697 3011 2021 3089 oportere,
2065 3007 2261 3090 idque
2294 3027 2435 3071 esse
2465 3007 2796 3089 proprium

475 3137 528 3178 25
549 3113 936 3179 christianae
984 3115 1340 3180 modestiae
1388 3120 1455 3178 et
1485 3114 1839 3197 gravitatiS,
1887 3135 2020 3179 non
2053 3135 2171 3178 sua
2200 3114 2481 3197 posteris
2516 3113 2794 3195 tradere,

547 3221 660 3285 sed
706 3243 746 3284 a
790 3220 1139 3286 maioribus
1200 3226 1471 3304 accepta
1517 3242 1789 3286 servare.
1884 3219 2043 3305 Quis
2100 3243 2253 3304 ergo
2301 3225 2456 3284 tunc
2512 3220 2793 3284 universi

546 3329 788 3411 negotii
813 3329 1018 3393 exitus
1037 3329 1070 3392 P
1145 3327 1302 3411 Quis
1326 3329 1569 3411 utique,
1603 3328 1726 3392 nisi
1759 3328 2035 3393 usitatus
2068 3334 2134 3393 et
2165 3328 2438 3393 solitus?
2507 3326 2796 3393 Retenta

549 3441 645 3499 est
694 3436 936 3501 scilicet
982 3437 1362 3519 antiquitaS,
1414 3436 1681 3519 explosa
1727 3437 1999 3501 novitas,
2072 3435 2214 3520 (10)
2247 3432 2379 3500 Sed
2424 3435 2593 3500 forte
2640 3441 2795 3500 tunc

546 3543 668 3624 ipsi
713 3544 990 3608 novitiae
1038 3543 1476 3609 adinventioni
1521 3544 1879 3626 patrocinia
1927 3542 2316 3608 defuerunt?
2392 3543 2596 3608 Immo
2645 3565 2792 3609 vero

474 3672 529 3712 30
550 3655 736 3714 tanta
779 3651 873 3714 vis
930 3651 1169 3733 ingenii
1226 3651 1465 3733 adfuit,
1526 3656 1713 3715 tanta
1757 3650 2161 3733 eloquentiae
2208 3648 2504 3732 flumina,
2570 3656 2791 3715 tantus

549 3755 955 3822 adsertorum
1012 3779 1314 3822 numerus
1327 3807 1361 3841 ,⁸
1412 3763 1599 3822 tanta
1653 3758 1787 3822 veri
1844 3756 2224 3840 similitudo,
2290 3762 2481 3822 tanta
2540 3757 2789 3819 divinae

549 3863 741 3946 Legis
791 3864 1076 3946 oracula,
1133 3865 1245 3929 sed
1289 3864 1480 3948 plane
1526 3886 1697 3930 novo
1745 3885 1822 3929 80
1869 3863 2037 3929 malo
2086 3886 2264 3929 more
2310 3863 2655 3944 intellecta,
2718 3868 2791 3925 ut

547 3972 702 4036 mihi
735 3972 940 4037 omnis
970 3973 1080 4037 illa
1111 3973 1500 4056 conspiratio
1533 3971 1708 4036 nullo
1742 3972 1937 4038 modo
1973 3972 2216 4037 destrui
2247 3971 2532 4055 potuisse
2579 3969 2790 4034 videa-
