3092 4717
564 423 645 486 18
1534 418 1658 473 XII
1694 417 1827 489 (17).

557 619 645 628 —
693 580 809 645 sed
874 581 941 644 in
1009 580 1251 645 domini
1308 580 1752 645 incarnatione
1798 585 2029 662 aperta
2072 579 2471 662 professione
2517 579 2814 662 blasphe-

558 692 714 752 mat.
809 687 988 753 Dicit
1035 688 1204 752 enim
1248 686 1313 750 in
1357 687 1500 770 ipsa
1546 687 1881 752 salvatoris
1927 687 2134 751 nostri
2166 707 2356 752 carne
2387 693 2504 752 aut
2533 687 2815 751 animam

557 795 901 860 humanam
946 796 1206 879 penitus
1253 815 1386 859 non
1426 793 1620 859 fuisse
1653 800 1765 859 aut
1798 800 1971 859 certe
2004 793 2203 858 talem
2233 793 2448 876 fuisse,
2499 794 2601 859 cui
2630 814 2812 858 mens

560 907 626 966 et
693 905 863 968 ratio
925 924 1057 967 non
1115 907 1306 967 esset.
1400 900 1532 967 Sed
1589 908 1655 966 et
1698 902 1909 985 ipsam
1955 901 2201 967 domini
2246 922 2505 965 carnem
2550 923 2682 965 non
2730 901 2814 965 de

513 1015 826 1078 ssanctae
893 1010 1151 1091 virginis
1198 1007 1452 1074 Mariae
1521 1030 1716 1073 carne
1773 1015 2171 1091 susceptam,
2227 1007 2343 1072 sed
2389 1008 2469 1072 de
2516 1008 2697 1072 caelo
2743 1008 2816 1071 in

558 1116 862 1199 virginem
910 1116 1317 1182 descendisse
1350 1116 1625 1199 dicebat,
1674 1136 1964 1199 eamque,
2013 1114 2428 1180 nutabundus
2461 1135 2715 1196 semper
2746 1120 2815 1178 et

563 1223 812 1306 dubiuS,
862 1225 1054 1289 modo
1105 1230 1517 1290 coaeternam
1566 1224 1687 1289 deo
1736 1224 1955 1306 verbo,
2001 1224 2198 1288 modo
2248 1222 2328 1287 de
2375 1221 2550 1286 verbi
2590 1221 2812 1285 divini-

558 1337 697 1396 tate
743 1331 985 1397 factam
1029 1331 1467 1415 praedicabat.
1546 1332 1838 1397 Nolebat
1885 1332 2050 1397 enim
2081 1331 2149 1395 in
2180 1328 2442 1394 Christo
2477 1330 2637 1393 duas
2671 1349 2813 1393 esse

561 1439 981 1521 substantiaS,
1019 1462 1215 1504 unam
1247 1440 1525 1504 divinam
1570 1439 1844 1504 alteram
1872 1438 2239 1520 humanam,
2271 1457 2465 1501 unam
2512 1457 2590 1500 ex
2623 1441 2813 1519 patre

490 1572 542 1611 ιο
561 1546 832 1610 alteram
899 1569 979 1612 ex
1044 1552 1253 1611 matre
1274 1596 1292 1630 ,
1365 1548 1478 1612 sed
1523 1546 1732 1630 ipsam
1775 1546 1954 1611 verbi
2000 1552 2301 1610 naturam
2345 1543 2625 1628 putabat
2670 1565 2812 1608 esse

563 1652 931 1735 discissam,
998 1654 1182 1736 quasi
1251 1654 1424 1717 aliud
1495 1654 1631 1718 eius
1676 1657 2083 1736 permaneret
2127 1653 2195 1716 in
2243 1651 2386 1732 de0,
2438 1651 2611 1715 aliud
2658 1672 2810 1715 vero

558 1780 811 1823 versum
858 1758 1095 1848 fuisset,
1129 1762 1197 1825 in
1244 1781 1540 1841 carnem3
1590 1766 1686 1841 ut,
1735 1782 1880 1825 cum
1926 1760 2161 1823 veritas
2209 1759 2386 1822 dicat
2434 1780 2512 1824 ex
2558 1758 2811 1823 duabus
2920 1828 2926 1836 ,

563 1866 942 1931 substantiis
1002 1888 1200 1932 unum
1248 1888 1387 1932 esse
1435 1866 1798 1947 Christum,
1865 1866 1977 1931 ille·
2019 1867 2382 1930 contrarius
2429 1865 2687 1929 veritati
2733 1887 2813 1929 ex

560 1995 693 2038 una
737 1971 982 2039 Christi
1038 1974 1368 2040 divinitate
1433 1975 1596 2040 duas
1641 1974 1904 2040 adserat
1948 1973 2156 2038 factas
2204 1994 2343 2039 esse
2390 1972 2808 2037 substantias,

490 2107 541 2146 15
561 2081 748 2147 Haec
773 2143 776 2146 ,
796 2083 1017 2166 itaque
1064 2082 1490 2165 Apollinaris.

736 2188 1086 2254 Nestorius
1132 2196 1351 2255 autem
1400 2190 1723 2254 contrario
1755 2188 2121 2270 Apollinari
2170 2185 2420 2267 morbo,
2471 2186 2623 2247 dum
2671 2205 2810 2248 sese

562 2296 723 2360 duas
768 2297 833 2359 in
877 2295 1138 2361 Christo
1187 2295 1586 2360 substantias
1634 2296 2027 2375 distinguere
2076 2292 2354 2369 simulat,
2404 2291 2562 2354 duas
2608 2290 2809 2352 intro·

562 2403 741 2467 ducit
804 2410 1066 2486 repente
1131 2421 1475 2484 personaS,
1526 2406 1593 2464 et
1644 2400 1938 2464 inaudito
1988 2398 2228 2462 scelere
2275 2397 2442 2461 duos
2489 2416 2628 2460 esse
2675 2396 2811 2459 vult

559 2508 725 2574 filios
791 2510 931 2591 dei,
1004 2510 1168 2574 duos
1229 2507 1561 2589 Christos,
1631 2528 1829 2571 unum
1881 2506 2074 2569 deum
2128 2505 2403 2569 alterum
2468 2503 2807 2582 hominem,

486 2641 543 2679 20
566 2639 794 2700 unum,
843 2617 953 2700 qui
1000 2638 1078 2681 ex
1121 2621 1338 2699 patre,
1408 2615 1721 2696 alterum,
1790 2613 1898 2696 qui
1944 2613 2026 2677 sit
2072 2617 2414 2695 generatus
2460 2631 2540 2674 ex
2582 2614 2814 2673 matre.
2911 2665 2912 2668 ,

561 2725 788 2808 Atque
855 2724 1001 2789 ideo
1071 2723 1316 2788 adserit
1384 2728 1680 2789 sanctam
1739 2720 2017 2784 Mariam
2079 2740 2210 2783 non
2271 2718 2627 2782 theotocon
2698 2714 2813 2779 sed

562 2831 1007 2896 christotocon
1077 2851 1216 2894 esse
1286 2829 1659 2909 dicendam,
1729 2828 1877 2910 quia
1946 2826 2191 2890 scilicet
2260 2847 2339 2887 ex
2409 2846 2485 2889 ea
2531 2845 2661 2888 non
2706 2822 2811 2887 ille

562 2937 881 3021 ChristuS,
930 2938 1040 3021 qui
1072 2937 1251 3020 deuS,
1285 2937 1399 3002 sed
1428 2936 1558 3017 ille,
1608 2935 1717 3017 qui
1749 2939 1889 2999 erat
1920 2933 2138 3014 homo,
2185 2939 2380 2996 natus
2412 2932 2516 2996 sit.
2589 2927 2812 3012 Quod-

563 3046 617 3110 si
664 3046 806 3129 quis
853 3066 997 3110 eum
1045 3050 1238 3127 putat
1305 3045 1373 3108 in
1431 3043 1634 3107 literis
1682 3041 1814 3105 suis
1862 3061 2060 3104 unum
2104 3037 2437 3104 Christum
2482 3036 2697 3101 dicere
2746 3042 2812 3100 et

489 3173 543 3216 25
561 3175 756 3218 unam
787 3151 1031 3217 Christi
1061 3152 1435 3235 praedicare
1480 3170 1845 3233 personam,
1895 3168 2028 3211 non
2074 3152 2317 3211 temere
2363 3144 2606 3210 credat.
2670 3141 2814 3207 Aut

563 3263 732 3327 enim
759 3261 938 3325 istud
968 3259 1233 3324 fallendi
1264 3264 1403 3323 arte
1426 3257 1832 3321 machinatus
1858 3260 1977 3335 est,
2001 3291 2090 3300 —
2113 3258 2188 3317 ut
2218 3273 2336 3335 per
2366 3251 2537 3316 bona
2566 3249 2812 3314 facilius

563 3368 866 3434 suaderet
915 3373 979 3432 et
1025 3367 1215 3449 mala,
1264 3366 1429 3431 sicut
1474 3366 1568 3429 ait
1614 3362 1985 3446 apostolus:
2022 3382 2154 3443 per
2184 3364 2422 3424 bonum
2470 3362 2635 3423 mihi
2666 3349 2814 3439 ope-

562 3486 757 3542 ratu-s·
789 3484 898 3541 est
924 3485 1208 3539 mortem
1233 3511 1318 3521 —
1344 3477 1457 3537 aut
1483 3491 1660 3554 ergo,
1692 3476 1765 3534 ut
1788 3468 2081 3548 diximus,
2115 3465 2587 3530 fraudulentiae
2619 3485 2814 3529 causa

567 3583 947 3667 quibusdam
1014 3582 1082 3645 in
1147 3581 1308 3646 locis
1378 3581 1768 3662 scriptorum
1814 3596 2082 3641 suorum
2125 3594 2326 3638 unum
2371 3570 2701 3638 Christum
2748 3578 2814 3635 et

492 3712 761 3758 annnam
807 3688 1050 3755 Christi
1108 3708 1455 3772 personam
1500 3684 1765 3751 credere
1814 3705 1882 3748 se
1928 3682 2219 3763 iactitat,
2285 3690 2400 3745 aut
2445 3684 2619 3745 certe
2664 3689 2813 3760 post

565 3804 823 3881 partum
888 3796 1018 3860 iam
1073 3794 1336 3878 virginis
1397 3795 1490 3858 ita
1545 3794 1615 3857 in
1668 3812 1869 3855 unum
1916 3787 2250 3854 Christum
2314 3788 2473 3851 duas
2518 3782 2813 3868 perhibet

744 4032 813 4083 27
849 4028 1016 4083 Rom.
1056 4029 1106 4095 7,
1147 4029 1232 4082 13.
1300 4043 1307 4050 ,
