3092 4717
575 428 660 489 34
1411 422 1623 477 xxm
1660 423 1977 492 (28)—(29)·

572 584 832 668 quidem
878 584 961 650 ad
999 583 1363 667 profectum
1394 584 1698 668 pertinet,
1746 590 1821 649 ut
1851 584 1940 655 vin
1996 586 2345 667 semetipsa
2399 607 2825 670 unaquaeque

569 713 673 756 res
721 689 1166 774 amplificetur,
1217 691 1303 756 ad
1349 692 1898 774 permutationem
1942 712 2116 772 vero,
2165 698 2239 755 ut
2285 692 2528 775 aliquid
2575 715 2655 758 ex
2701 693 2824 759 alio

568 799 636 862 in
703 797 876 862 aliud
943 802 1432 862 transvertatur.
1526 796 1800 863 Crescat
1863 798 2064 880 igitur
2127 804 2393 880 oportet
2441 804 2508 864 et
2553 799 2827 864 multum

567 904 1102 988 vehementerque
1147 903 1444 987 proficiat
1488 909 1632 969 tam
1672 903 2070 987 singulorum
2102 926 2296 988 quam
2330 908 2634 988 omnium,
2683 912 2821 971 tam

525 1012 755 1079 5unius
801 1011 1075 1076 hominis
1141 1032 1336 1095 quam
1401 1012 1604 1076 totius
1654 1011 1963 1077 ecclesiae
2015 1050 2094 1059 —
2144 1017 2429 1076 aetatum
2478 1033 2555 1076 ac
2604 1034 2826 1078 saecu·

569 1118 781 1182 lorum
847 1118 1152 1201 gradibus
1200 1156 1286 1167 -
1332 1118 1789 1201 intelligentia,
1852 1119 2149 1201 scientia,
2212 1119 2551 1201 sapientia,
2599 1120 2715 1183 sed
2759 1120 2824 1183 in

571 1247 687 1290 suo
758 1224 1098 1290 dumtaxat
1165 1246 1432 1307 genere,
1488 1225 1557 1289 in
1626 1225 1853 1290 eodem
1911 1225 2156 1290 scilicet
2202 1224 2526 1308 dogmate,
2594 1226 2825 1291 eodem

571 1352 763 1395 sensu
812 1331 1166 1414 eademque
1215 1332 1555 1395 sententia.

749 1438 888 1524 (29)
925 1437 1230 1504 Imitetur
1253 1439 1612 1503 animarum
1633 1439 1858 1522 religio
1891 1439 2212 1504 rationem
2237 1460 2601 1523 corporum,
2636 1462 2822 1523 quae,

499 1578 550 1617 10
569 1544 721 1609 licet
766 1566 1085 1610 annorum
1128 1568 1437 1629 processu
1485 1568 1790 1611 numeros
1837 1566 1990 1611 suos
2038 1546 2331 1611 evolvant
2378 1552 2444 1611 et
2483 1548 2820 1630 explicent,

572 1651 794 1716 eadem
826 1658 1066 1734 tamen,
1119 1675 1283 1735 quae
1317 1660 1520 1732 erant,
1570 1659 1969 1737 permanent.
2040 1652 2326 1717 Multum
2353 1654 2623 1718 interest
2652 1654 2824 1719 inter

568 1759 886 1841 pueritiae
954 1758 1180 1824 florem
1250 1765 1317 1824 et
1374 1761 1723 1824 senectutis
1771 1759 2248 1839 maturitatem,
2299 1759 2414 1823 sed
2460 1759 2655 1824 iidem
2699 1761 2823 1844 ipsi

566 1864 730 1930 fiunt
777 1886 980 1948 seneS,
1033 1867 1142 1949 qui
1172 1866 1431 1932 fuerant
1463 1865 1934 1949 adulescenteS,
1982 1871 2075 1947 ut,
2120 1867 2405 1949 quamvis
2435 1867 2624 1931 unius
2657 1868 2821 1931 eius-

569 1971 841 2056 demque
871 1972 1147 2038 hominis
1182 1978 1390 2039 status
1422 1974 1808 2057 habitusque
1830 1978 2139 2057 mutetur,
2186 1996 2318 2039 una
2346 1979 2565 2039 tamen
2597 1974 2820 2039 nihilo-

488 2109 546 2149 15
565 2080 773 2144 minus
821 2079 1175 2163 eademque
1222 2086 1477 2165 natura,
1526 2104 1657 2146 una
1702 2082 2056 2166 eademque
2104 2103 2384 2165 persona
2422 2082 2525 2148 sit.
2604 2081 2821 2146 Parva

566 2186 943 2252 lactentium
969 2188 1278 2271 membra,
1325 2210 1562 2270 magna
1588 2189 1918 2253 iuvenum:
1969 2188 2196 2252 eadem
2223 2189 2366 2271 ipsa
2396 2193 2546 2250 sunt
2576 2193 2813 2251 tamen.

565 2291 743 2375 Quot
789 2295 1205 2377 parvulorum
1237 2301 1439 2377 artus,
1487 2300 1591 2358 tot
1625 2297 1925 2376 virorum,
1962 2299 2027 2357 et
2059 2294 2112 2357 si
2145 2315 2272 2374 qua
2300 2291 2411 2356 illa
2442 2298 2612 2373 sunt,
2648 2312 2814 2372 quae

561 2401 703 2466 aevi
768 2402 1141 2465 maturioris
1211 2407 1428 2465 aetate
1496 2401 1855 2483 pariuntur,
1901 2400 2032 2462 iam
2097 2400 2163 2462 in
2234 2398 2491 2463 seminis
2560 2398 2813 2462 ratione

561 2513 864 2591 proserta
909 2512 1075 2587 sunt,
1125 2512 1199 2570 ut
1243 2506 1399 2570 nihil
1444 2527 1705 2570 novum⁴
1728 2511 1960 2588 postea
2004 2505 2375 2588 proferatur
2420 2504 2487 2568 in
2534 2502 2814 2585 senibuS,

491 2614 741 2697 2oquod
787 2634 920 2678 non
963 2614 1028 2676 in
1073 2613 1290 2695 pueris
1336 2614 1463 2677 iam
1510 2619 1663 2678 ante
1709 2613 2080 2678 latitaverit.
2147 2611 2337 2677 Unde
2384 2632 2515 2676 non
2549 2609 2812 2675 dubium

565 2727 684 2803 est,
732 2721 900 2784 hanc
948 2741 1088 2785 esse
1120 2720 1474 2803 legitimam
1505 2725 1572 2785 et
1602 2726 1849 2785 rectam
1877 2718 2257 2803 proficiendi
2288 2718 2597 2801 regulam,
2646 2717 2815 2781 hunc

563 2834 780 2892 ratum
824 2834 1020 2910 atque
1066 2827 1565 2910 pulcherrimum
1611 2827 1944 2892 crescendi
1978 2826 2287 2906 ordinem,
2338 2825 2391 2889 si
2423 2846 2532 2889 eas
2565 2845 2817 2906 semper

562 2935 629 2999 in
677 2933 1126 3017 grandioribus
1173 2939 1394 3017 partes
1457 2956 1533 2999 ac
1581 2934 1824 3000 formas
1880 2954 2182 2999 numerus
2241 2933 2505 2997 detexat
2560 2932 2814 3012 aetatiS,

567 3064 725 3125 quas
771 3042 841 3106 in
895 3041 1177 3124 parvulis
1235 3042 1547 3105 creatoris
1611 3041 1928 3124 sapientia
1980 3039 2491 3123 praeliciaverat.
2565 3035 2816 3120 Quodsi

493 3174 547 3214 25
564 3151 845 3215 humana
890 3149 1136 3232 species
1183 3147 1250 3211 in
1297 3146 1581 3230 aliquam
1626 3148 1927 3230 deinceps
1988 3168 2119 3212 non
2167 3146 2265 3209 sui
2310 3144 2561 3228 generis
2607 3150 2815 3209 verta-

565 3263 673 3321 tur
719 3255 1029 3339 effigiem,
1099 3260 1216 3318 aut
1288 3260 1462 3319 certe
1511 3254 1791 3318 addatur
1838 3253 2169 3338 quidpiam
2214 3249 2651 3316 membrorum
2695 3274 2809 3315 nu-

468 3359 473 3362 ’
566 3384 742 3428 mero
791 3363 892 3426 vel
937 3361 1334 3442 detrahatur,
1384 3382 1647 3427 necesse
1695 3367 1813 3443 est,
1861 3366 1936 3424 ut
1974 3364 2184 3423 totum
2219 3378 2455 3439 corpus
2489 3357 2589 3421 vel
2619 3358 2816 3422 inter-

569 3470 745 3535 cidat
789 3468 888 3534 vel
933 3468 1376 3551 prodigiosum
1435 3468 1550 3534 fiat
1605 3467 1708 3532 vel
1755 3473 1929 3531 certe
1978 3465 2372 3530 debilitetur.
2462 3463 2573 3528 Ita
2619 3464 2813 3528 etiam

568 3578 957 3642 christianae
1002 3575 1326 3658 religionis
1374 3575 1611 3657 dogma
1657 3580 1968 3659 sequatur
2012 3573 2129 3637 has
2177 3571 2365 3637 decet
2404 3571 2817 3654 profectuum

495 3684 760 3767 colegeS,
807 3689 883 3747 ut
915 3683 1098 3746 annis
1131 3681 1372 3746 scilicet
1412 3680 1874 3763 consolidetur,
1923 3679 2232 3757 dilatetur
2262 3684 2572 3761 tempore,
2624 3676 2815 3742 subli-

567 3796 781 3856 metur
826 3795 1073 3871 aetate,
1141 3790 1591 3872 incorruptum
1636 3788 1855 3851 tamen
1914 3786 2380 3869 inlibatumque
2432 3788 2814 3867 permaneat

746 4020 780 4073 5
818 4018 884 4074 cf.
925 4019 1042 4075 (301.
1071 4023 1119 4087 1,
1157 4022 1262 4073 26?
