3092 4717
1097 432 1185 488 VI
1223 430 1532 503 (lm—vn
1570 431 1703 501 (11).
2478 435 2516 496 9

263 602 397 678 tur,
445 595 567 660 nisi
614 593 756 660 sola
800 594 969 658 tanti
1013 594 1352 659 moliminis
1399 615 1616 676 causa,
1663 593 1805 676 ipsa
1848 592 1961 657 illa
2008 597 2330 676 suscepta,
2377 592 2520 675 ipsa

265 703 564 783 defensa,
618 702 762 784 ipsa
806 701 1073 766 laudata
1116 701 1421 766 novitatis
1467 701 1785 784 professio
1834 699 2253 765 destituisset.
2348 699 2520 783 Quid

267 817 600 893 postremo
657 809 858 892 ipsius
912 807 1211 873 Africani
1271 808 1524 874 concilii
1584 809 1714 874 sive
1776 807 2023 873 decreti
2076 828 2241 891 quae
2306 806 2517 871 vires?

265 915 581 981 Donante
642 916 763 981 deo
824 914 1069 995 nullae,
1133 914 1249 980 sed
1307 916 1607 979 universa
1663 920 1997 997 tamquam
2044 914 2310 996 somnia,
2357 920 2520 978 tam-

273 1046 469 1107 quam
512 1022 768 1088 fabulae
788 1072 806 1106 ,
869 1027 1202 1106 tamquam
1246 1021 1606 1106 superflua,
1672 1022 1916 1087 abolita
1982 1024 2322 1105 antiquata
2391 1021 2517 1086 cal-
2539 1041 2565 1081 5

275 1137 425 1197 cata
470 1135 639 1194 sunt.

452 1237 591 1323 (11)
622 1237 717 1301 Et
751 1259 788 1303 o
820 1259 1037 1302 rerum
1067 1238 1230 1301 mira
1259 1239 1628 1303 conversio!
1700 1238 2032 1302 Auctores
2065 1237 2351 1302 eiusdem
2386 1236 2520 1320 opi·
2566 1232 2576 1243 ’

275 1346 484 1410 nionis
558 1344 893 1424 catholici,
969 1349 1449 1410 consectatores
1525 1367 1676 1412 vero
1743 1344 2051 1410 haeretici
2114 1344 2518 1426 iudicantur3

266 1452 693 1518 absolvuntur
747 1454 1056 1536 magistri,
1118 1453 1629 1519 condemnantur
1675 1454 1990 1537 discipuli,
2049 1437 2521 1543 conscriptores

264 1560 583 1625 librorum
626 1559 737 1624 filii
781 1560 965 1642 regni
1011 1566 1218 1642 erunt,
1268 1561 1637 1626 adsertores
1683 1583 1833 1626 vero
1876 1561 2168 1643 gehenna
2199 1560 2594 1643 suscip'iet'.⁵10

264 1666 446 1734 Nam
491 1667 633 1750 quis
676 1667 780 1731 ille
825 1672 961 1731 tam
1006 1666 1267 1733 demens
1308 1673 1427 1748 est,
1478 1668 1589 1751 qui
1618 1667 1775 1732 illud
1823 1673 2193 1732 sanctorum
2240 1667 2522 1731 omnium

267 1780 335 1838 et
369 1774 824 1857 episcoporum
863 1779 928 1839 et
974 1779 1328 1857 martyrum
1358 1764 1593 1856 lumen,
1640 1775 2080 1840 beatissimum
2111 1772 2520 1859 Cyprianum,

272 1902 422 1945 cum
483 1882 715 1946 ceteris
771 1881 1032 1965 collegis
1090 1883 1221 1947 suis
1279 1884 1347 1947 in
1400 1887 1735 1947 aeternum
1796 1881 2045 1947 dubitet
2098 1888 2520 1965 regnaturum

278 2009 416 2051 esse
480 2010 628 2053 cum
685 1987 992 2054 Christo?
1084 1988 1228 2054 Aut
1288 1990 1431 2072 quis
1489 1995 1627 2053 tam
1683 1994 1913 2054 contra
1976 1988 2354 2071 sacrilegus,
2414 1988 2523 2070 qui

281 2091 663 2159 Donatistae
707 2100 773 2159 et
823 2101 1071 2161 ceteras
1112 2102 1345 2179 pestes,
1407 2117 1573 2178 quae
1617 2096 1784 2160 illius
1831 2097 2222 2161 auctoritate
2271 2095 2523 2160 concilii
2541 2120 2594 2160 15

276 2201 677 2285 rebaptizare
725 2223 792 2267 se
836 2203 1155 2285 iactitant,
1218 2203 1285 2267 in
1326 2202 1787 2284 sempiternum
1831 2208 2028 2285 neget
2074 2222 2335 2266 arsuros
2383 2222 2521 2266 esse

276 2331 425 2374 cum
474 2310 732 2376 diabolo
750 2311 783 2375 ἱ)

453 2418 611 2485 VII.
661 2416 854 2502 Quod
888 2418 1150 2502 quidem
1193 2419 1349 2483 mihi
1396 2418 1694 2483 divinitus
1741 2419 1997 2484 videtur
2040 2418 2523 2501 promulgatum

274 2545 412 2589 esse
442 2524 750 2589 iudicium
780 2533 1053 2608 propter
1084 2546 1302 2590 eorum
1338 2525 1611 2590 maxime
1646 2525 2161 2607 fraudulentiam,
2212 2526 2341 2608 qui,
2376 2546 2524 2589 cum

275 2631 391 2697 sub
424 2632 633 2698 alieno
676 2633 934 2698 nomine
965 2631 1281 2697 haeresim
1328 2632 1712 2697 concinnare
1744 2633 2212 2712 machinentur,
2256 2637 2524 2715 captant
2543 2656 2598 2695 20

274 2739 647 2822 plerumque
672 2739 905 2806 veteris
931 2740 1286 2822 cuiuspiam
1309 2740 1424 2803 viri
1448 2739 1692 2822 scripta
1722 2740 1917 2821 paulo
1941 2739 2291 2804 involutius
2325 2739 2519 2818 edita,

276 2867 440 2928 quae
486 2868 608 2929 pro
656 2848 800 2930 ipsa
845 2847 945 2912 sui
991 2847 1384 2913 obscuritate
1433 2846 1720 2929 dogmati
1767 2867 1883 2911 suo
1924 2847 2108 2929 quasi
2140 2852 2521 2929 congruant,

270 2959 344 3018 ut
387 2953 549 3017 illud
595 2954 813 3020 nescio
879 2953 1068 3037 quid,
1130 2954 1580 3037 quodcumque
1646 2952 2012 3036 proferunt,
2073 2973 2281 3036 neque
2337 2953 2524 3036 primi

269 3083 482 3144 neque
516 3061 638 3127 soli
670 3063 908 3126 sentire
939 3062 1294 3126 videantur.
1376 3059 1667 3143 Quorum
1716 3081 1836 3143 ego
1883 3061 2236 3144 nequitiam
2284 3060 2523 3143 duplici

272 3169 419 3235 odio
472 3169 730 3252 dignam
775 3169 1014 3252 iudico,
1070 3168 1168 3233 vel
1215 3190 1292 3234 eo
1343 3169 1519 3251 quod
1563 3168 1901 3234 haereseos
1950 3188 2261 3231 venenum
2308 3168 2595 3250 propi-25

272 3298 423 3341 nare
455 3276 597 3342 aliis
628 3298 759 3341 non
786 3278 1272 3360 pertimescunt,
1318 3276 1418 3342 vel
1450 3298 1525 3341 eo
1577 3276 1791 3358 etiam,
1841 3275 2018 3358 quod
2064 3276 2273 3340 sancti
2317 3276 2522 3340 cuius-

280 3405 398 3465 que
444 3385 564 3449 viri
620 3385 992 3449 memoriam
1051 3390 1381 3467 tamquam
1453 3385 1700 3467 sopitos
1758 3385 1888 3448 iam
1950 3384 2196 3448 cineres
2250 3383 2526 3467 profana

277 3512 469 3555 manu
513 3492 848 3572 ventilant,
898 3498 965 3557 et
1011 3514 1177 3576 quae
1225 3492 1477 3557 silentio
1527 3492 1783 3574 sepeliri
1829 3491 2195 3573 oportebat,
2242 3491 2524 3556 rediviva

277 3599 575 3682 opinione
631 3599 997 3681 diffamant,
1060 3605 1405 3683 sequentes
1468 3600 1728 3665 omnino
1776 3599 2046 3682 vestigia
2090 3599 2376 3663 auctoris
2425 3599 2524 3662 sui

273 3703 518 3790 Oham,
590 3707 702 3789 qui
767 3706 1129 3774 nuditatem
1192 3708 1540 3772 venerandi
1602 3706 1670 3771 N
1674 3713 1749 3771 oe
1814 3728 1946 3772 non
2009 3706 2205 3771 modo
2273 3706 2594 3790 operireao

274 3813 573 3896 neglexit,
622 3835 841 3878 verum
884 3836 1142 3898 quoque
1172 3814 1577 3880 inridendam
1610 3814 1840 3880 ceteris
1865 3813 2255 3902 enuntiavit.
2336 3812 2522 3877 Unde

455 4047 524 4100 10
563 4045 631 4100 cf.
669 4045 778 4100 Mt.
819 4048 904 4114 13,
944 4047 1030 4099 38.
1246 4048 1317 4099 30
1357 4045 1425 4099 cf.
1465 4045 1608 4100 Gen.
1646 4048 1698 4114 9,
1738 4047 1803 4099 21
1829 4062 1947 4114 sqq.
