3092 4717
531 388 616 450 24
1319 385 1433 440 xv
1470 384 1558 456 (21
1569 383 1810 455 )-XV1
1846 386 1978 456 (22).

530 551 648 612 est.
740 544 808 611 N
813 567 896 611 on
953 546 1074 629 ita,
1136 545 1419 629 inquam,
1467 552 1695 612 sancta
1739 546 1953 612 Maria
2013 547 2388 631 theotocOS,
2457 549 2571 615 sed
2635 550 2787 616 ideo

527 653 767 735 potiuS,
831 653 1157 736 quoniam,
1219 658 1292 717 ut
1339 675 1534 736 supra
1582 654 1824 719 dictum
1871 660 1992 737 est,
2052 656 2181 720 iam
2226 656 2292 719 in
2339 657 2475 721 eius
2522 662 2785 723 sacrato

528 765 716 826 utero
766 766 1248 825 sacrosanctum
1295 760 1454 824 illud
1500 762 1876 846 mysterium
1919 768 2365 844 perpetratum
2429 769 2549 847 est,
2609 765 2786 848 quod

527 874 801 951 propter
827 868 1215 950 singularem
1239 868 1565 951 quandam
1598 875 1796 951 atque
1825 870 2081 933 unicam
2105 891 2422 952 personae
2447 873 2784 954 unitatem,

483 998 509 1039 5
532 976 698 1040 sicut
736 974 1000 1039 verbum
1045 975 1114 1037 in
1162 995 1354 1039 carne
1402 994 1575 1053 cam,
1623 975 1716 1039 ita
1759 974 1949 1040 homo
1995 976 2063 1039 in
2109 976 2232 1041 deo
2281 976 2437 1041 deus
2485 983 2606 1042 est.

707 1081 908 1147 XVI.
944 1080 1089 1168 (22)
1123 1078 1255 1145 Sed
1284 1082 1414 1146 iam
1445 1103 1542 1163 ea,
1593 1103 1755 1164 quae
1799 1081 1878 1146 de
1911 1104 2108 1167 supra
2152 1085 2518 1149 memoratis
2566 1085 2784 1149 haere-

531 1189 706 1254 sibus
752 1188 854 1253 vel
901 1188 980 1253 de
1043 1188 1361 1253 catholica
1405 1187 1531 1253 fide
1579 1188 1861 1255 breviter
1923 1190 2096 1255 dicta
2142 1195 2317 1272 sunt,
2378 1191 2787 1257 renovandae

532 1318 728 1362 causa
773 1296 1125 1362 memoriae
1171 1296 1426 1361 brevius
1474 1298 1892 1381 strictiusque
1939 1305 2329 1382 repetamus,
2378 1323 2506 1384 quo
2542 1302 2788 1367 scilicet

534 1411 599 1468 et
644 1403 1084 1486 intelligantur
1128 1404 1369 1468 iterata
1397 1404 1650 1486 plenius
1684 1410 1749 1470 et
1779 1404 2023 1470 firmius
2063 1407 2391 1473 inculcata
2420 1414 2783 1474 teneantur.

463 1532 515 1571 10
534 1511 908 1581 Anathema
951 1512 1150 1594 igitur
1194 1511 1479 1576 Photino
1536 1533 1670 1577 non
1715 1513 2050 1595 recipienti
2094 1514 2564 1596 plenitudinem
2609 1518 2787 1581 trini-

531 1620 685 1684 tatis
746 1625 814 1684 et
860 1617 1188 1683 Christum
1250 1619 1570 1684 hominem
1630 1620 2083 1686 tantummodo
2134 1622 2489 1687 solitarium
2534 1625 2787 1708 praedi-

532 1728 724 1792 canti.
820 1726 1199 1791 Anathema
1229 1725 1600 1809 Apollinari
1646 1727 1969 1792 adserenti
2014 1729 2081 1791 in
2128 1727 2389 1796 Christo
2439 1752 2788 1797 conversae

534 1836 882 1901 divinitatis
944 1835 1423 1918 corruptionem
1489 1842 1556 1901 et
1614 1835 1932 1901 auferenti
1989 1837 2319 1918 perfectae
2367 1839 2789 1905 humanitatis

532 1944 1015 2028 proprietatem.
1094 1942 1471 2009 Anathema
1511 1943 1824 2009 Nestorio
1871 1945 2135 2027 neganti
2183 1968 2263 2011 ex
2308 1946 2551 2030 virgine
2600 1948 2789 2013 deum

461 2079 513 2119 15
534 2057 778 2134 natum,
826 2051 1152 2117 adserenti
1184 2052 1348 2116 duos
1379 2049 1698 2136 Christos,
1743 2058 1809 2117 et
1842 2053 2106 2136 explosa
2135 2054 2443 2119 trinitatis
2475 2054 2603 2120 fide
2636 2077 2788 2138 qua·

533 2160 910 2225 ternitatem
954 2159 1138 2251 nobis
1187 2160 1642 2224 introducenti.
1714 2159 1928 2224 Beata
1958 2182 2112 2224 vero
2148 2160 2467 2224 catholica
2500 2162 2786 2241 ecclesia,

536 2288 702 2349 quae
749 2288 947 2330 unum
995 2266 1183 2331 deum
1229 2268 1298 2330 in
1344 2267 1653 2331 trinitatis
1713 2265 2109 2347 plenitudine
2159 2271 2224 2330 et
2278 2266 2434 2328 item
2480 2266 2788 2330 trinitatis

535 2374 997 2457 aequalitatem
1040 2375 1108 2437 in
1154 2394 1284 2437 una
1331 2373 1656 2437 divinitate
1702 2377 2065 2453 veneratur,
2113 2376 2189 2435 ut
2220 2392 2426 2453 neque
2459 2373 2788 2456 singulari-

535 2487 638 2546 tas
687 2480 1088 2546 substantiae
1133 2500 1558 2563 personarum
1619 2477 1975 2543 confundat
2033 2480 2517 2562 proprietatem,
2579 2500 2788 2563 neque

463 2620 517 2660 20
536 2592 692 2655 item
739 2589 1048 2653 trinitatis
1098 2587 1424 2652 distinctio
1484 2586 1797 2651 unitatem
1862 2592 2120 2668 separet
2183 2587 2463 2651 deitatis,
2556 2587 2785 2668 Beata,

536 2700 828 2779 inquam,
891 2695 1188 2776 ecclesia,
1252 2714 1416 2776 quae
1462 2693 1528 2756 in
1576 2690 1835 2757 Christo
1887 2693 2050 2758 duas
2096 2714 2281 2759 veras
2341 2694 2789 2777 perfectasque

538 2805 930 2869 substantias
977 2802 1092 2868 sed
1138 2823 1330 2865 unam
1361 2798 1601 2865 Christi
1641 2800 1847 2865 credit
1895 2822 2035 2867 esse
2066 2823 2426 2884 personam,
2476 2808 2551 2867 ut
2583 2823 2789 2884 neque

536 2917 913 2975 naturarum
963 2908 1290 2973 distinctio
1340 2908 1658 2972 unitatem
1703 2929 2018 2991 personae
2068 2910 2331 2992 dividat,
2382 2931 2588 2992 neque
2633 2910 2791 2974 item

538 3039 854 3101 personae
885 3018 1097 3081 unitas
1131 3014 1557 3080 differentiam
1587 3015 1941 3080 confundat
1973 3016 2499 3081 substantiarum.
2554 3016 2788 3099 Beata,

465 3153 518 3193 25
536 3127 818 3209 inquam,
883 3123 1172 3205 ecclesia,
1230 3144 1417 3205 quae,
1485 3129 1558 3187 ut
1604 3144 1800 3186 unum
1863 3144 2117 3206 semper
2160 3121 2491 3189 Christum
2538 3129 2605 3187 et
2651 3144 2791 3188 esse

539 3239 604 3298 et
647 3233 843 3298 fuisse
887 3231 1188 3311 fateatur,
1237 3231 1490 3294 unitum
1535 3230 1859 3295 hominem
1891 3230 2011 3295 deo
2045 3252 2175 3296 non
2206 3236 2355 3313 post
2386 3235 2642 3312 partum
2679 3231 2794 3295 sed

535 3342 666 3406 iam
708 3341 775 3404 in
818 3340 961 3421 ipso
995 3338 1217 3404 matris
1248 3343 1436 3404 utero
1470 3337 1833 3403 confitetur.
1899 3337 2131 3419 Beata,
2178 3338 2457 3420 inquam,
2493 3337 2789 3419 ecclesia,

540 3469 704 3531 quae
753 3447 943 3512 deum
1004 3447 1250 3512 factum
1309 3446 1636 3512 hominem
1688 3467 1821 3511 non
1882 3445 2298 3512 conversione
2355 3450 2627 3509 naturae
2679 3445 2794 3509 sed

538 3576 856 3638 personae
902 3555 1154 3619 ratione
1199 3553 1517 3636 intelligit,
1564 3574 1883 3636 personae
1931 3557 2149 3617 autem
2179 3572 2314 3616 non
2346 3551 2786 3616 simulatoriae

466 3686 521 3726 so
542 3668 607 3727 et
652 3662 1044 3726 transeuntis
1091 3662 1206 3726 sed
1252 3660 1692 3726 substantivae
1739 3680 1816 3724 ac
1861 3658 2311 3741 permanentis,
2406 3657 2635 3737 Beata,
2699 3659 2793 3721 in-

540 3792 754 3853 quam,
818 3768 1108 3849 ecclesia,
1173 3789 1339 3851 quae
1398 3768 1563 3831 hanc
1623 3787 1938 3849 personae
1997 3764 2315 3829 unitatem
2361 3770 2613 3829 tantam
2665 3764 2794 3828 vim

537 3876 778 3942 habere
824 3876 1176 3959 praedicat,
1225 3882 1300 3939 ut
1342 3880 1612 3958 propter
1658 3896 1798 3939 eam
1829 3873 1989 3937 miro
2023 3870 2455 3953 ineffabilique
2487 3871 2793 3954 mysterio

540 3989 608 4048 et
666 3983 877 4048 divina
934 3981 1178 4047 homini
1239 3987 1306 4045 et
1369 3981 1490 4045 deo
1555 3980 1887 4045 adscribat
1943 3980 2265 4061 humana,
2333 3999 2480 4041 nam
2527 3982 2793 4062 propter
