3092 4717
520 437 602 496 36
1348 426 1560 481 xxm
1599 423 1919 494 ‹sn-(32).

517 593 805 677 qualibet
869 595 1057 674 parte
1126 588 1427 654 catholici
1496 587 1819 670 dogmatis
1882 585 2008 649 alia
2055 603 2315 666 quoque
2364 588 2558 666 atque
2605 583 2763 646 item

518 701 667 782 alia,
714 721 792 765 ac
839 698 1139 781 deinceps
1186 696 1348 761 aliae
1396 701 1461 760 et
1508 695 1671 760 aliae
1716 694 1843 758 iam
1892 691 2075 775 quasi
2122 711 2200 755 ex
2245 711 2427 754 more
2474 695 2539 754 et
2582 688 2764 754 licito

518 806 1010 872 abdicabuntur.
1105 803 1314 869 Porro
1363 807 1577 868 autem
1628 803 1992 886 singillatim
2026 795 2320 882 partibus
2352 796 2764 879 repudiandis

520 914 674 998 quid
745 912 918 977 aliud
988 911 1071 976 ad
1142 915 1499 975 extremum
1570 920 1902 998 sequetur,
1974 918 2093 982 nisi
2141 925 2215 984 ut
2262 924 2476 984 totum
2521 908 2768 994 pariter

469 1048 496 1088 ⁶
517 1019 920 1105 repudietur!
1015 1017 1146 1084 Sed
1195 1021 1259 1083 et
1305 1039 1340 1083 e
1388 1022 1639 1101 contra,
1688 1020 1742 1084 si
1797 1023 2042 1089 novitia
2087 1025 2409 1091 veteribus
2459 1029 2769 1089 extranea

520 1128 887 1193 domesticis
935 1131 1000 1190 et
1047 1124 1314 1209 profana
1345 1125 1615 1190 sacratis
1649 1126 1990 1195 admisceri
2022 1133 2373 1216 coeperint,
2420 1133 2770 1215 proserpat

518 1235 620 1299 hic
687 1255 829 1298 mos
896 1234 965 1297 in
1032 1233 1396 1297 universum
1442 1254 1705 1299 necesse
1754 1240 1885 1319 est,
1949 1244 2024 1302 ut
2070 1239 2226 1304 nihil
2271 1240 2545 1322 posthac
2593 1237 2770 1321 apud

519 1341 849 1407 ecclesiam
879 1339 1284 1423 relinquatur
1309 1341 1648 1423 intactum,
1682 1342 1835 1407 nihil
1866 1344 2222 1430 inlibatum,
2248 1347 2403 1411 nihil
2425 1348 2766 1429 integrum,

519 1448 678 1512 nihil
723 1447 1222 1529 immaculatum,
1273 1447 1387 1512 sed
1434 1448 1517 1511 sit
1546 1448 1785 1514 ibidem
1817 1450 2116 1535 deinceps
2149 1455 2486 1538 impiorum
2527 1475 2603 1518 30
2633 1459 2771 1517 tur-

451 1581 502 1622 10
520 1556 696 1639 pium
745 1576 1037 1620 errorum
1080 1554 1372 1637 lupanar,
1421 1554 1533 1619 ubi
1581 1561 1722 1620 erat
1769 1563 1962 1623 antea
2009 1566 2225 1625 castae
2258 1567 2324 1625 et
2354 1562 2772 1643 incorruptae

521 1662 873 1726 sacrarium
940 1660 1253 1725 veritatis.
1347 1658 1478 1725 Sed
1549 1669 1798 1728 avertat
1865 1663 1992 1730 hoc
2055 1688 2096 1731 a
2141 1688 2402 1731 suorum
2448 1667 2771 1733 mentibus

519 1767 699 1833 nefas
748 1768 959 1833 divina
1003 1768 1232 1852 pietas,
1281 1769 1491 1851 sitque
1537 1768 1642 1834 hic
1687 1772 1902 1853 potius
1948 1773 2291 1857 impiorum
2337 1774 2536 1840 furor.

699 1876 838 1960 (32)
886 1873 1127 1940 Christi
1170 1897 1322 1940 vero
1374 1876 1661 1957 ecclesia,
1713 1878 1936 1944 sedula
1978 1885 2044 1944 et
2089 1886 2281 1947 cauta
2328 1882 2772 1964 depositorum

521 1983 698 2066 apud
744 2004 812 2047 se
861 1982 1236 2066 dogmatum
1284 1989 1533 2063 custoS,
1593 1985 1751 2049 nihil
1803 1985 1871 2049 in
1916 1986 2016 2052 his
2063 2010 2365 2071 umquam
2419 1994 2768 2073 permutat,

452 2119 503 2158 15
523 2091 680 2155 nihil
723 2091 971 2172 minuit,
1020 2091 1178 2155 nihil
1221 2091 1436 2174 addit3
1484 2114 1620 2158 non
1650 2098 1947 2176 amputat
1977 2097 2361 2179 necessaria,
2407 2118 2537 2160 non
2572 2096 2772 2177 adpo-

522 2199 619 2263 nit
667 2197 1023 2282 superflua3
1071 2221 1202 2263 non
1235 2200 1475 2263 amittit
1506 2220 1643 2281 sua,
1693 2221 1826 2263 non
1857 2207 2131 2283 usurpat
2163 2200 2401 2283 aliena3
2450 2200 2564 2264 sed
2599 2200 2772 2263 omni

523 2304 841 2369 industria,
886 2305 1010 2370 hoc
1058 2327 1257 2369 unum
1304 2305 1552 2384 studet,
1615 2310 1689 2368 ut
1737 2310 1954 2369 vetera
1997 2304 2271 2370 fideliter
2319 2306 2771 2387 sapienterque

524 2412 893 2493 tractando,
943 2413 996 2476 si
1043 2433 1170 2494 qua
1215 2411 1325 2476 illa
1372 2415 1522 2474 sunt
1555 2411 1910 2493 antiquitus
1956 2410 2305 2476 informata
2337 2417 2403 2476 et
2447 2410 2770 2491 inchoata,

525 2524 786 2585 accuret
833 2523 898 2583 et
945 2519 1164 2602 poliat,
1215 2518 1266 2581 si
1299 2539 1425 2600 qua
1468 2517 1596 2581 iam
1630 2538 1935 2600 expressa
1982 2525 2047 2583 et
2095 2519 2448 2599 enucleata,
2498 2516 2773 2583 consoli·

456 2650 510 2689 20
529 2627 639 2692 det
679 2632 833 2709 <et>
876 2625 1109 2708 firmet,
1157 2626 1210 2689 si
1241 2645 1370 2708 qua
1399 2625 1528 2690 iam
1577 2624 1956 2690 confirmata
1988 2630 2053 2691 et
2087 2624 2373 2708 definita,
2423 2624 2772 2691 custodiat.

526 2734 824 2817 Denique
873 2733 1027 2817 quid
1071 2753 1374 2816 umquam
1422 2732 1597 2797 aliud
1641 2732 2059 2798 conciliorum
2107 2733 2383 2798 decretis
2432 2733 2609 2798 enisa
2656 2737 2775 2813 est,

525 2842 649 2906 nisi
693 2847 786 2922 ut,
838 2840 1014 2923 quod
1060 2845 1253 2904 antea
1299 2840 1673 2923 simpliciter
1718 2840 2120 2923 credebatur,
2169 2841 2294 2905 hoc
2340 2840 2511 2905 idem
2549 2844 2780 2921 postea

530 2947 893 3030 diligentius
941 2945 1340 3028 crederetur3
1390 2946 1568 3028 quod
1598 2950 1793 3011 antea
1821 2947 2054 3012 lentius
2085 2947 2602 3031 praedicabatur,
2650 2944 2778 3009 hoc

528 3055 697 3120 idem
743 3060 974 3138 postea
1019 3054 1365 3119 instantius
1410 3054 1926 3136 praedicaretur3
2000 3053 2174 3137 quod
2235 3060 2431 3119 antea
2492 3052 2780 3117 securius

458 3184 510 3225 25
532 3162 897 3245 colebatur,
967 3161 1092 3226 hoc
1161 3160 1331 3225 idem
1398 3165 1632 3243 postea
1678 3160 2011 3224 sollicitius
2060 3159 2507 3226 excoleretur?
2599 3159 2776 3241 Hoc,

530 3271 793 3353 inquam
814 3319 832 3351 ,
889 3290 1141 3351 semper
1162 3319 1177 3349 ,
1235 3289 1443 3352 neque
1492 3268 1839 3351 quidquam
1886 3273 2258 3351 praeterea,
2307 3266 2781 3331 haereticorum

531 3375 923 3442 novitatibus
971 3376 1285 3457 excitata,
1357 3375 1779 3440 conciliorum
1825 3396 2090 3440 suorum
2137 3374 2412 3438 decretis
2461 3373 2782 3439 catholica

532 3482 801 3566 perfecit
833 3482 1121 3565 ecclesia,
1168 3482 1290 3546 nisi
1319 3486 1414 3564 ut,
1465 3481 1641 3566 quod
1688 3483 1866 3564 prius
1914 3504 1953 3545 a
1998 3480 2349 3545 maioribus
2397 3480 2541 3546 sola
2584 3479 2780 3545 tradi-

534 3591 712 3656 tione
733 3595 1129 3672 susceperat,
1152 3589 1278 3653 hoc
1300 3589 1528 3654 deinde
1549 3589 1826 3673 posteris
1849 3589 2043 3653 etiam
2062 3609 2178 3671 per
2197 3588 2552 3670 scripturae
2574 3588 2780 3652 chiro-

463 3719 516 3760 30
535 3698 848 3781 graphum
895 3698 1323 3779 consignaret,
1371 3718 1672 3779 magnam
1706 3718 1924 3761 rerum
1962 3716 2274 3760 summam
2304 3696 2527 3778 paucis
2578 3694 2782 3759 literis

537 3804 1164 3887 comprehendendo,
1184 3809 1250 3867 et
1266 3803 1645 3886 plerumque
1664 3806 1939 3886 propter
1951 3801 2408 3885 intelligentiae
2424 3801 2635 3866 lucem
2650 3822 2784 3866 non

536 3932 770 3976 novum
799 3909 949 3975 fidei
977 3932 1235 3975 sensum
1279 3931 1482 3975 novae
1529 3909 1976 3993 appellationis
2016 3909 2412 3992 proprietate
2446 3907 2781 3991 signando.

715 4038 786 4090 29
824 4036 890 4092 cf.
931 4034 1049 4090 001.
1088 4038 1139 4103 2,
1180 4037 1264 4089 14.
