3092 4717
1222 447 1425 503 XXXI
1463 447 1600 519 (42).
2444 450 2529 511 49

283 631 408 694 que
457 632 603 675 cum
646 612 820 677 lecta
867 616 1036 677 esset
1083 610 1292 677 sancti
1323 607 1628 692 Capreoli
1674 610 1958 692 episcopi
1989 605 2535 691 Carthaginiensis

285 718 577 802 epistula,
642 720 752 802 qui
815 718 972 783 nihil
1031 716 1205 783 aliud
1267 715 1649 781 intendebat
1708 721 1774 781 et
1819 715 2227 800 precabatur,
2293 716 2418 780 nisi
2461 721 2538 780 ut

284 832 651 909 expugnata
706 827 992 891 novitate
1059 825 1410 907 antiquitas
1482 823 1966 905 defenderetur,
2044 823 2139 888 ita
2202 824 2537 906 episcopus

283 931 564 1016 Cyrillus
626 934 1004 1016 prolocutus
1051 938 1152 997 est
1199 938 1266 997 et
1312 930 1616 1012 definivit,
1667 932 1841 1014 quod
1885 930 1989 994 hic
2037 951 2294 1013 quoque
2338 930 2537 994 inter-

281 1061 531 1122 ponere
578 1062 713 1105 non
758 1041 840 1106 ab
887 1062 957 1105 re
1003 1040 1275 1106 videtur.
1365 1039 1489 1103 Ait
1536 1040 1705 1104 enim
1764 1040 1830 1103 in
1876 1038 1999 1103 fine
2048 1044 2402 1120 gestorum:
2473 1047 2582 1101 ets

283 1152 475 1230 haee,
528 1148 757 1230 inquit,
820 1169 989 1229 quae
1034 1153 1207 1212 lecta
1254 1153 1359 1211 est
1401 1152 1693 1229 epistula
1738 1150 2103 1211 venerandi
2149 1156 2214 1210 et
2258 1150 2536 1210 multum

282 1260 595 1337 reliqiosi
641 1263 936 1338 episcopi
991 1256 1568 1335 Cat·tlzaqiniensis
1617 1255 1950 1337 capreoli,
1988 1257 2154 1335 fidei
2196 1263 2537 1332 nesiorum

286 1370 653 1443 inseretur,
718 1370 907 1428 euius
955 1371 1193 1445 aperta
1257 1368 1592 1426 sententia
1653 1371 1775 1426 est.
1884 1363 2029 1425 Vult
2071 1366 2313 1425 etenim
2362 1357 2574 1424 anei-'

284 1490 458 1550 quae
511 1473 679 1551 fidei
724 1473 1039 1550 doqmata
1094 1471 1500 1549 confirmari,
1555 1474 1810 1532 novitia
1866 1488 2022 1532 vero
2082 1476 2151 1531 et
2205 1472 2541 1549 superflue

285 1580 647 1641 adinventa
696 1587 765 1641 et
821 1584 1026 1659 impie
1079 1580 1476 1658 provulgata
1535 1577 1891 1657 reprobari
1955 1584 2153 1654 atque
2207 1577 2537 1639 damnari.
2561 1594 2613 1633 10

297 1685 540 1748 Omnes
586 1690 881 1766 episcopi
927 1687 1512 1748 adclamaverunt:
1580 1685 1720 1746 Hae
1778 1687 2068 1750 omnium
2116 1701 2306 1746 voees
2362 1690 2542 1762 sunt,

286 1794 458 1855 haee
505 1810 734 1855 omne-s·
781 1794 1089 1871 (liciniae,
1134 1793 1255 1854 hoe
1287 1796 1577 1854 omnium
1612 1798 1830 1853 votum
1864 1799 1986 1854 est.
2065 1785 2248 1870 Quae
2279 1787 2542 1853 tandem

284 1898 576 1962 omnium
624 1917 810 1961 voces
857 1902 1054 1979 atque
1104 1897 1384 1960 omnium
1431 1901 1603 1975 vota,
1651 1896 1773 1959 nisi
1817 1901 1911 1978 ut,
1970 1895 2147 1978 quod
2194 1901 2337 1960 erat
2381 1894 2541 1959 anti-

283 2006 505 2089 quitus
553 2003 885 2085 traditum,
947 2009 1291 2083 teneretur,
1353 2004 1529 2086 quod
1577 2003 1990 2068 adinventum
2042 2024 2265 2085 nuper,
2330 2002 2539 2085 explo-

286 2111 608 2177 deretur?
2562 2141 2613 2180 15

466 2218 633 2284 Post
663 2239 827 2300 quae
859 2217 1160 2283 admirati
1191 2239 1410 2282 sumus
1442 2226 1508 2284 et
1537 2217 2065 2301 praedicavimus,
2116 2222 2359 2300 quanta
2391 2238 2542 2282 con-

285 2326 418 2391 cilii
462 2325 629 2390 illius
675 2325 870 2390 fuerit
915 2325 1240 2391 humilitas
1288 2330 1355 2390 et
1401 2326 1734 2408 sanctitaS,
1784 2329 1857 2389 ut
1889 2330 1993 2390 tot
2031 2346 2299 2390 numero
2332 2346 2542 2389 sacer-

286 2434 501 2514 doteS,
534 2453 739 2514 paene
773 2455 853 2497 ex
881 2432 1124 2498 maiore
1156 2438 1342 2514 parte
1374 2432 1877 2515 metropolitani,
1910 2437 2135 2496 tantae
2168 2430 2546 2497 eruditionis

284 2544 643 2622 tantaeque
691 2539 1039 2620 doctrinae,
1088 2544 1161 2603 ut
1207 2560 1409 2621 prope
1458 2560 1679 2603 omnes
1711 2544 1980 2621 possent
2022 2539 2102 2602 de
2134 2537 2545 2621 dogmatibus

287 2647 641 2729 disputare,
710 2646 942 2728 quibus
987 2651 1336 2728 propterea
1395 2647 1538 2729 ipsa
1596 2647 1664 2709 in
1721 2668 1920 2710 unum
1965 2646 2385 2727 congregatio
2434 2668 2543 2710 au·
2564 2673 2620 2712 20

288 2753 485 2817 dendi
530 2753 611 2817 ab
661 2773 729 2817 se
776 2752 1016 2834 aliquid
1066 2758 1133 2817 et
1180 2752 1504 2817 statuendi
1552 2752 1792 2816 addere
1839 2752 2166 2817 videretur
2219 2751 2542 2833 fiduciam,

289 2859 447 2924 nihil
493 2867 712 2925 tamen
756 2864 1090 2940 novarent,
1151 2858 1309 2923 nihil
1354 2864 1862 2941 praesumerent,
1919 2857 2078 2923 nihil
2124 2858 2245 2923 sibi
2289 2859 2546 2941 penitus

291 2968 710 3050 adrogarent,
762 2968 874 3032 sed
924 2967 1302 3032 omnimodis
1349 2973 1833 3049 praecaverent,
1880 2989 1961 3032 ne
1994 2967 2237 3050 aliquid
2266 2967 2547 3051 posteris

294 3074 651 3156 traderent,
700 3074 877 3156 quod
908 3075 1032 3157 ipsi
1064 3096 1104 3139 a
1133 3073 1423 3158 patribus
1454 3096 1589 3139 non
1619 3076 2042 3157 accepissent,
2077 3081 2144 3139 et
2174 3095 2307 3138 non
2339 3074 2546 3139 solum

291 3183 359 3246 in
404 3183 734 3265 praesenti
780 3203 912 3246 rem
960 3180 1122 3246 bene
1170 3181 1605 3264 disponerent,
1652 3204 1874 3247 verum
1907 3183 2099 3247 etiam
2129 3187 2283 3264 post
2313 3180 2546 3245 futuris
2564 3206 2615 3245 25

294 3290 587 3373 exempla
644 3290 1063 3373 praeberent,
1132 3293 1206 3352 ut
1253 3294 1318 3353 et
1371 3290 1494 3372 ipsi
1552 3290 1795 3354 scilicet
1860 3294 2152 3354 sacratae
2208 3289 2544 3353 vetustatis

296 3397 607 3479 dogmata
667 3397 973 3479 colerent,
1033 3395 1346 3480 profanae
1393 3417 1543 3461 vero
1608 3397 1910 3461 novitatis
1970 3395 2318 3460 adinventa
2372 3394 2545 3459 dam-

294 3507 546 3568 narent.

472 3610 726 3674 Invecti
758 3631 974 3675 sumus
1008 3611 1203 3676 etiam
1233 3611 1301 3674 in
1329 3608 1625 3674 Nestorii
1656 3608 2033 3674 sceleratam
2073 3609 2545 3692 praesumptio-

296 3738 470 3799 nem,
536 3715 713 3798 quod
760 3737 1011 3781 sacram
1057 3718 1442 3801 scripturam
1490 3737 1559 3780 se
1605 3716 1884 3798 primum
1948 3721 2016 3780 et
2062 3715 2270 3780 solum
2313 3715 2544 3781 intelli·
2564 3739 2618 3779 30

300 3845 449 3906 gere
498 3828 564 3887 et
628 3843 849 3888 omnes
910 3845 1019 3889 eos
1083 3825 1414 3907 ignorasse
1473 3824 1767 3903 iactaret,
1838 3822 2220 3906 quicumque
2280 3828 2430 3887 ante
2478 3844 2545 3888 se

476 4056 546 4108 27
584 4055 652 4110 cf.
694 4057 742 4108 1.
781 4054 921 4107 Tim.
959 4055 1010 4121 6,
1048 4054 1134 4107 20.

408 4135 615 4194 Vincenz
641 4161 736 4195 von
764 4149 1003 4194 Lerinum.
2116 4161 2152 4212 4
