3092 4717
532 436 578 497 4
1400 434 1498 489 ΙΠ
1534 434 1774 506 (4)-1V
1811 436 1908 504 (5).

711 592 845 658 111.
895 593 991 680 (4)
1042 593 1215 678 Quid
1261 595 1460 677 igitur
1505 601 1662 661 tunc
1709 596 1904 661 faciet
1952 596 2352 663 Christianus
2404 600 2779 684 catholicuS,

535 701 588 765 si
648 722 716 765 se
777 700 994 783 aliqua
1055 701 1364 767 ecclesiae
1423 703 1748 785 particula
1807 704 1889 769 ab
1950 704 2323 769 universalis
2397 705 2548 771 fidei
2609 729 2780 773 com-

532 809 836 873 munione
882 809 1319 892 praeciderit?
1413 810 1586 894 Quid
1650 812 1895 895 utique,
1957 812 2080 876 nisi
2137 821 2212 878 ut
2271 815 2579 897 pestifero
2642 837 2780 881 cor-

532 922 855 1000 ruptoque
919 916 1205 981 membro
1271 917 1611 982 sanitatem
1674 920 1950 983 universi
2018 921 2310 1002 corporis
2371 924 2779 1004 anteponat?

485 1020 727 1105 5Quid,
777 1024 830 1087 si
877 1023 1127 1087 novella
1172 1024 1389 1107 aliqua
1437 1025 1739 1108 contagio
1787 1046 1920 1089 non
1963 1026 2091 1089 iam
2132 1027 2606 1108 portiunculam
2637 1035 2782 1093 tan-

532 1136 690 1214 tum,
757 1129 870 1195 sed
936 1137 1148 1196 totam
1209 1132 1457 1213 pariter
1520 1132 1858 1198 ecclesiam
1921 1134 2391 1200 commaculare
2457 1136 2780 1200 conetur?

531 1239 716 1303 Tunc
761 1239 916 1303 item
962 1239 1351 1322 providebit,
1398 1244 1471 1303 ut
1504 1240 1874 1322 antiquitati
1902 1241 2253 1322 inhaereat,
2304 1264 2469 1325 quae
2515 1264 2782 1325 prorsus

529 1346 657 1410 iam
681 1367 816 1410 non
837 1351 1054 1429 potest
1079 1346 1161 1410 ab
1195 1345 1327 1411 ulla
1357 1347 1662 1412 novitatis
1686 1347 1910 1412 fraude
1936 1348 2174 1412 seduci.
2236 1346 2429 1431 Quid,
2462 1350 2514 1414 si
2543 1350 2612 1413 in
2641 1352 2783 1433 ipsa

531 1460 854 1519 vetustate
902 1454 1174 1519 duorum
1214 1464 1329 1519 aut
1359 1456 1555 1519 trium
1586 1455 1913 1520 hominum
1944 1455 2042 1520 vel
2075 1462 2250 1520 certe
2284 1458 2560 1521 civitatis
2594 1459 2780 1521 unius

460 1587 511 1625 ιο
532 1567 644 1627 aut
705 1562 901 1626 etiam
958 1562 1325 1645 provinciae
1382 1562 1650 1627 alicuius
1707 1584 1887 1627 error
1935 1563 2503 1646 deprehendatur?
2595 1564 2782 1629 Tunc

532 1670 789 1736 omnino
825 1670 1095 1751 curabit,
1144 1675 1219 1733 ut
1263 1691 1621 1752 paucorum
1668 1670 2017 1736 temeritati
2061 1670 2161 1734 vel
2204 1670 2517 1753 inscitiae,
2568 1671 2784 1753 siqua

530 1782 680 1841 sunt
711 1776 1155 1842 universaliter
1185 1777 1542 1858 antiquitus
1577 1777 1951 1840 universalis
1986 1776 2240 1841 concilii
2273 1776 2557 1859 decreta,
2598 1800 2781 1861 prae-

527 1891 753 1967 ponat.
849 1881 1023 1965 Quid
1036 1932 1053 1965 ,
1114 1884 1168 1947 si
1212 1883 1342 1948 tale
1390 1882 1634 1966 aliquid
1696 1888 2009 1965 emergat,
2072 1882 2184 1947 ubi
2246 1884 2402 1947 nihil
2466 1885 2781 1950 eiusmodi

530 1991 943 2074 reperiatur?
1036 1992 1221 2057 Tunc
1272 2013 1535 2075 operam
1585 1991 1783 2074 dabit,
1832 1999 1906 2057 ut
1946 1991 2237 2056 conlatas
2276 1993 2448 2056 inter
2482 2015 2549 2058 se
2583 1995 2780 2058 maio-

459 2122 674 2163 151'u1n
714 2100 1012 2165 consulat
1051 2101 1535 2182 interrogetque
1570 2100 1942 2179 sententiaS,
1993 2119 2216 2164 eorum
2264 2099 2619 2180 dumtaxat,
2671 2102 2780 2183 qui

532 2206 794 2270 diversis
849 2207 1004 2271 licet
1047 2206 1445 2290 temporibus
1494 2212 1559 2270 et
1606 2205 1780 2286 lociS,
1838 2207 1905 2268 in
1965 2206 2149 2269 unius
2198 2213 2416 2271 tamen
2473 2207 2777 2273 ecclesiae

532 2313 889 2379 catholicae
915 2314 1361 2379 communione
1388 2319 1454 2377 et
1476 2312 1604 2376 fide
1620 2320 2088 2396 permanenteS,
2106 2314 2396 2396 magistri
2410 2313 2774 2397 probabiles

532 2421 917 2502 extiterunt3
967 2428 1032 2485 et
1080 2420 1391 2504 quidquid
1435 2441 1570 2485 non
1615 2441 1780 2484 unus
1826 2426 1943 2485 aut
1999 2420 2125 2485 duo
2175 2427 2429 2486 tantum
2478 2421 2593 2485 sed
2645 2442 2774 2484 om-

532 2550 646 2593 nes
691 2530 935 2610 pariter
987 2550 1117 2592 uno
1167 2527 1520 2610 eodemque
1569 2547 1884 2592 consensu
1937 2536 2160 2610 aperte
2220 2528 2590 2611 frequenter
2634 2549 2777 2610 per-

458 2657 511 2695 20
530 2640 899 2701 severanter
965 2635 1248 2701 tenuisse
1321 2635 1647 2717 scripsisse
1706 2634 1997 2699 docuisse
2060 2636 2458 2718 cognoverit,
2526 2635 2596 2699 id
2657 2634 2778 2699 sibi

534 2763 787 2824 quoque
832 2742 1149 2824 intelligat
1196 2742 1438 2825 absque
1487 2742 1618 2807 ulla
1664 2742 2067 2806 dubitatione
2116 2743 2530 2807 credendum.

709 2848 833 2917 IV.
883 2845 1014 2913 Sed
1060 2855 1133 2912 ut
1179 2849 1467 2932 planiora
1510 2849 1689 2931 fiant,
1740 2871 1905 2931 quae
1955 2849 2241 2931 dicimuS,
2293 2850 2603 2932 exemplis
2652 2847 2776 2911 sin-

530 2955 797 3039 gillatim
841 2955 1243 3020 inlustranda
1298 2961 1448 3019 sunt
1504 2961 1571 3020 et
1615 2956 1806 3039 paulo
1853 2954 2112 3020 uberius
2168 2954 2646 3036 exaggeranda,
2695 2973 2776 3016 ne

529 3063 907 3127 immodicae
965 3062 1300 3127 brevitatis
1360 3062 1574 3128 studio
1634 3065 1972 3145 rapiantur
2030 3082 2243 3125 rerum
2297 3060 2590 3142 pondera
2637 3080 2777 3123 ora-

457 3191 510 3231 25
531 3170 723 3235 tionis
771 3170 1121 3234 celeritate.

711 3277 808 3362 (ὅ)
854 3276 1178 3359 Tempore
1208 3275 1477 3359 Donati,
1525 3299 1565 3341 a
1597 3297 1725 3358 quo
1758 3274 2162 3353 Donatistae,
2214 3294 2359 3336 cum
2405 3292 2543 3337 sese
2575 3272 2778 3336 multa

527 3406 680 3467 pars
720 3383 987 3449 Africae
1029 3384 1099 3448 in
1145 3385 1380 3449 erroris
1427 3384 1525 3448 sui
1570 3384 1769 3448 furias
1800 3382 2277 3465 praecipitaret,
2326 3401 2616 3463 cumque,
2664 3382 2777 3444 im-

529 3513 776 3557 memor
836 3491 1108 3555 nominis
1163 3491 1487 3574 religionis
1533 3488 1983 3573 professioniS,
2029 3487 2217 3550 unius
2264 3487 2538 3552 hominis
2586 3488 2776 3551 sacri-

530 3599 736 3682 legam
783 3600 1212 3665 temeritatem
1259 3598 1568 3664 ecclesiae
1615 3596 1857 3661 Christi
1902 3600 2351 3677 praeponeret,
2409 3599 2584 3677 tunc,
2643 3593 2774 3675 qui-

459 3731 511 3770 30
531 3728 805 3789 cumque
849 3728 968 3790 per
1011 3704 1303 3771 Africam
1350 3704 1688 3771 constituti
1733 3701 2010 3785 profano
2058 3702 2401 3767 schismate
2451 3703 2773 3767 detestato

529 3813 841 3878 universis
888 3813 1107 3877 mundi
1154 3812 1435 3877 ecclesiis
1483 3809 1800 3875 adsociati
1847 3813 2016 3891 sunt,
2066 3809 2187 3873 soli
2219 3830 2299 3873 ex
2328 3809 2450 3872 illis
2484 3803 2776 3871 omnibus

527 3925 700 3992 intra
747 3920 1032 3984 sacraria
1079 3918 1435 3983 catholicae
1479 3916 1630 3982 fidei
1677 3916 1834 3981 salvi
1863 3937 2004 3981 esse
2033 3920 2407 4000 potuerunt,
2458 3911 2779 3994 egregiam

530 4026 830 4110 profecto
862 4025 1300 4107 relinquentes
1330 4025 1606 4108 posteris
1636 4024 1930 4107 formam,
1965 4020 2506 4107 quemadmodum
2541 4018 2779 4083 scilicet
