3092 4717
1213 437 1392 493 XVII
1426 439 1564 507 (23).
2423 442 2505 501 27

246 602 361 668 ille
411 602 623 685 gratia
669 608 738 665 et
784 622 1004 666 amore
1049 599 1159 665 illa
1203 598 1565 682 flagrabat;
1616 597 1730 662 sed
1778 603 1845 662 et
1876 597 2158 663 eiusdem
2192 597 2510 680 epistulae

247 708 700 774 testimonium
744 707 1107 791 perhibent,
1155 727 1316 790 quas
1358 706 1443 771 ad
1473 705 1843 788 Philippum
1873 705 2352 787 imperatorem,
2400 705 2511 788 qui

246 815 501 898 primus
559 814 1006 880 Romanorum
1068 814 1433 897 principum
1487 810 1896 878 Christianus
1957 810 2112 894 fuit,
2176 810 2511 875 christiani

245 923 612 1005 magisterii
658 922 1056 987 auctoritate
1088 921 1492 1004 conscripsit.
1571 919 1676 983 De
1725 919 1903 984 cuius
1949 917 2309 983 incredibili
2356 939 2509 1000 qua-

247 1029 408 1093 dam
439 1030 728 1111 scientia,
776 1030 832 1093 si
862 1029 1006 1112 quis
1037 1028 1463 1093 referentibus
1501 1026 1693 1092 nobis
1736 1026 2149 1091 christianum
2180 1046 2310 1090 non
2345 1025 2507 1089 acci·
2528 1052 2558 1094 5

245 1137 350 1220 pit
407 1136 881 1218 testimonium,
939 1135 1167 1201 saltem
1214 1133 1715 1200 testificantibus
1759 1133 2158 1217 philosophis
2206 1132 2511 1215 gentilem

246 1244 530 1327 recipiat
576 1243 1066 1309 confessionem.
1159 1241 1282 1307 Ait
1335 1263 1612 1325 namque
1658 1242 1891 1325 impius
1935 1240 2040 1305 ille
2086 1240 2509 1324 PorphyriuS,

247 1352 537 1416 excitum
586 1372 654 1415 se
693 1349 868 1414 fama
905 1351 1106 1432 ipsius
1138 1349 1608 1416 Alexandriam
1653 1370 1924 1432 puerum
1968 1346 2103 1413 fere
2149 1348 2510 1431 perrexisse

247 1459 470 1541 ibique
520 1480 666 1523 eum
711 1457 943 1523 vidisse
988 1458 1117 1522 iam
1173 1478 1389 1521 senem
1449 1456 1565 1521 sed
1609 1457 1803 1539 plane
1858 1456 2056 1521 talem
2101 1461 2506 1538 tantumque,

252 1565 363 1648 qui
410 1587 631 1631 arcem
678 1566 884 1631 totius
931 1565 1240 1630 scientiae
1288 1565 1700 1630 condidisset.
1791 1565 1953 1629 Dies
2008 1585 2109 1628 me
2165 1565 2353 1629 citius
2399 1564 2508 1628 de·
2528 1593 2581 1631 10

251 1672 500 1753 fecerit,
553 1694 749 1755 quam
795 1694 893 1755 ea,
943 1694 1108 1755 quae
1152 1672 1221 1736 in
1267 1671 1380 1736 illo
1426 1673 1562 1738 viro
1610 1672 1952 1754 praeclara
1982 1673 2360 1754 extiterunt,
2408 1672 2507 1736 vel

257 1799 332 1842 ex
374 1779 642 1843 minima
688 1779 919 1843 saltem
963 1785 1152 1862 parte
1197 1779 1631 1862 perstringam
1678 1817 1762 1827 —-
1811 1800 1977 1861 quae
2025 1785 2242 1843 tamen
2293 1778 2508 1844 omnia

261 1908 385 1950 non
431 1886 644 1951 solum
691 1886 775 1950 ad
830 1886 1153 1969 religionis
1211 1885 1483 1970 gloriam
1555 1885 1670 1949 sed
1730 1887 1921 1951 etiam
1984 1887 2067 1950 ad
2129 1886 2507 1951 tentationis

268 1993 762 2075 magnitudinem
806 1992 1242 2076 pertinebant.
1336 1992 1595 2077 Quotus
1652 1994 1816 2058 enim
1873 1993 2143 2076 quisque
2198 1994 2369 2057 tanti
2411 1994 2504 2056 in-

265 2100 451 2181 genii,
511 2105 739 2165 tantae
802 2101 1168 2183 doctrinae,
1231 2106 1454 2164 tantae
1511 2100 1760 2181 gratiae
1814 2101 2015 2163 virum
2059 2099 2111 2186 †
2158 2105 2273 2164 aut
2318 2098 2505 2164 facile
2525 2125 2579 2165 15

260 2206 639 2290 deponeret,
706 2228 783 2272 ac
845 2228 979 2272 non
1033 2207 1145 2271 illa
1199 2208 1417 2290 potius
1473 2212 1769 2271 uteretur
1815 2208 2168 2289 sententia,
2234 2228 2301 2271 se
2360 2229 2506 2272 cum

254 2310 533 2396 Origene
582 2335 796 2378 errare
844 2314 1034 2378 malle
1081 2336 1274 2396 quam
1322 2336 1469 2379 cum
1500 2314 1637 2378 aliis
1669 2336 1820 2379 vera
1851 2315 2139 2379 sentire?
2216 2314 2311 2379 Et
2351 2314 2507 2397 quid

247 2421 488 2503 plura?
583 2422 686 2485 Eo
733 2443 835 2485 res
884 2420 1143 2501 decidit,
1201 2427 1276 2485 ut
1320 2427 1544 2485 tantae
1590 2442 1926 2504 personae,
1982 2423 2151 2486 tanti
2198 2422 2503 2503 doctoriS‚

246 2528 418 2593 tanti
465 2528 827 2610 prophetae
874 2548 1008 2592 non
1053 2532 1343 2593 humana
1388 2528 1605 2611 aliqua
1651 2528 1794 2610 sed,
1857 2535 1933 2593 ut
1993 2529 2200 2593 exitus
2263 2528 2503 2609 docuit,

242 2635 517 2699 nimium
561 2634 927 2718 periculosa
971 2643 1254 2700 tentatio
1301 2636 1617 2717 plurimos
1677 2658 1717 2700 a
1769 2635 1921 2700 fidei
1972 2637 2347 2717 integritate
2404 2635 2505 2699 de-
2523 2660 2579 2699 20

244 2742 543 2807 duceret.
636 2740 1076 2825 Quamobrem
1137 2741 1242 2806 hic
1306 2742 1477 2807 idem
1526 2740 1841 2824 Origenes
1908 2748 2129 2806 tantus
2194 2764 2272 2806 ac
2334 2741 2504 2825 talis,

241 2849 400 2914 dum
453 2849 664 2931 gratia
704 2849 808 2913 dei
848 2849 1224 2913 insolentius
1258 2849 1570 2930 abutitur,
1621 2849 1775 2914 dum
1805 2850 2059 2933 ingenio
2092 2869 2209 2914 suo
2242 2850 2507 2914 nimium

238 2955 545 3037 indulget
604 2954 852 3037 sibique
910 2956 1068 3019 satis
1131 2956 1366 3038 credit,
1434 2977 1581 3019 cum
1645 2957 1825 3038 parvi
1888 2956 2115 3040 pendit
2176 2947 2508 3041 antiquam

239 3063 641 3128 christianae
687 3062 1012 3144 religionis
1062 3061 1559 3146 simplicitatem,
1609 3063 1761 3127 dum
1808 3084 1876 3128 se
1922 3064 2068 3146 plus
2115 3064 2360 3129 cunctis
2407 3085 2506 3128 sa-

235 3191 397 3252 pere
462 3170 875 3252 praesumit,
911 3169 1064 3233 dum
1126 3171 1597 3235 ecclesiasticas
1654 3171 2039 3236 traditiones
2096 3178 2163 3236 et
2216 3177 2503 3236 veterum
2524 3196 2579 3237 25

236 3277 624 3361 magisteria
671 3282 1090 3344 contemnens
1137 3276 1456 3360 quaedam
1505 3276 1968 3359 scripturarum
2010 3278 2295 3360 capitula
2333 3299 2503 3343 novo

236 3406 430 3450 more
485 3384 986 3466 interpretatur,
1048 3379 1326 3466 meruit,
1376 3391 1453 3448 ut
1499 3385 1580 3449 de
1628 3404 1695 3448 se
1743 3395 2001 3467 quoque
2048 3384 2354 3449 ecclesiae
2403 3384 2507 3448 dei

238 3491 617 3556 diceretur:
677 3498 742 3556 si
801 3500 1190 3556 surreoeerz'c
1230 3499 1302 3556 in
1356 3496 1577 3557 medio
1633 3499 1733 3557 tui
1765 3496 2135 3575 propheta,
2196 3497 2262 3555 et
2308 3492 2506 3574 paulo

236 3605 434 3681 post:
484 3619 619 3663 non
666 3602 939 3680 audie-5,
985 3598 1232 3681 inquit,
1278 3602 1479 3666 verba
1511 3603 1885 3682 prophetae
1932 3605 2120 3665 illius
2131 3621 2159 3680 ;
2206 3605 2273 3665 et
2317 3600 2502 3663 item:

240 3714 430 3787 quia,
497 3706 729 3788 inquit,
780 3715 1001 3771 tentat
1041 3728 1159 3771 vos
1213 3711 1522 3772 dominus
1570 3711 1734 3772 deus
1779 3718 2021 3788 vester,
2084 3717 2306 3773 utrum
2353 3711 2505 3772 dile·-
2524 3730 2577 3769 ω

234 3815 441 3892 gatis
485 3833 635 3878 eum
693 3834 781 3877 an
836 3835 990 3879 non.
1085 3813 1259 3880 Vere
1318 3835 1449 3877 non
1508 3814 1719 3878 solum
1782 3816 2061 3878 tentatio
2134 3814 2250 3879 sed
2310 3814 2505 3878 etiam

430 3956 497 4007 16
550 3955 619 4008 cf.
660 3955 853 4009 Cicero
905 3954 1066 4010 Tusc.
1107 3955 1333 4025 Quaest.
1384 3955 1418 4009 I
1456 3957 1522 4010 17
1542 3977 1603 4010 39.
1824 3958 1889 4011 19
1929 3957 1996 4011 cf.
2039 3958 2085 4010 1.
2125 3956 2250 4011 Cor.
2292 3958 2375 4024 10,
2417 3958 2503 4010 13.

238 4028 312 4080 28
350 4025 518 4081 Deut.
559 4027 647 4094 13,
687 4029 843 4080 1-3.
