3092 4717
522 373 607 433 22
1310 372 1455 428 xrv
1501 370 1803 442 (em-xv
1843 372 1974 442 (21).

521 530 625 595 dei
669 531 994 596 hominem
1039 531 1280 597 factum
1329 555 1467 599 esse
1515 535 1701 618 dicit,
1757 539 1861 615 ut,
1923 555 2088 616 quae
2134 540 2358 601 nostra
2404 544 2572 619 sunt,
2635 558 2769 602 non

518 635 837 703 fallaciter
883 645 949 704 et
995 639 1375 706 adumbrate
1434 642 1549 707 sed
1607 662 1755 707 vere
1803 661 2230 723 expresseque
2279 644 2632 727 susciperet
2679 651 2766 727 et,

519 767 684 828 quae
731 752 917 811 erant
961 746 1261 829 humana,
1307 769 1439 813 non
1487 748 1674 831 quasi
1718 748 1927 813 aliena
1970 747 2337 813 imitaretur
2390 751 2504 816 sed
2549 752 2769 833 potius

519 857 590 917 ut
637 874 754 917 sua
799 859 1080 936 gereret,
1142 860 1208 919 et
1252 876 1547 937 prorsuS,
1613 854 1790 938 quod
1835 855 2098 937 agebat,
2163 856 2289 921 hoc
2337 858 2527 922 etiam
2576 863 2768 940 esset,

471 982 496 1021 5
520 981 711 1041 quem
757 960 1025 1043 agebat,
1088 961 1143 1025 is
1203 967 1403 1045 esset3
1466 963 1631 1027 sicut
1685 963 1809 1045 ipsi
1854 983 1970 1026 nos
2019 983 2277 1045 quoque
2322 963 2388 1027 in
2437 985 2535 1046 eo,
2591 965 2770 1047 quod

516 1066 837 1149 loquimur
896 1068 1177 1150 sapimus
1242 1069 1503 1134 vivimus
1571 1069 1973 1133 subsistimus
1993 1118 2011 1152 ,
2069 1091 2215 1135 non
2272 1070 2599 1136 imitamur
2657 1072 2770 1136 ho·

517 1174 717 1238 mines
765 1174 878 1238 sed
926 1195 1162 1238 sumus,
1261 1174 1497 1259 Neque
1546 1176 1716 1240 enim
1759 1175 1998 1240 Petrus
2048 1181 2113 1240 et
2161 1176 2213 1241 J
2217 1198 2475 1260 03111133,
2534 1183 2609 1242 ut
2655 1200 2771 1244 eos

515 1281 918 1362 potissimum
949 1282 1286 1364 nominem,
1312 1282 1624 1347 imitando
1650 1287 1835 1347 erant
1865 1283 2154 1348 homines
2189 1284 2302 1349 sed
2332 1284 2764 1350 subsistendo

516 1387 748 1470 Neque
779 1388 933 1453 item
958 1388 1201 1453 Paulus
1234 1389 1577 1455 simulabat
1610 1390 1977 1473 apostolum
2009 1396 2122 1455 aut
2151 1389 2439 1474 fingebat
2471 1391 2765 1474 Paulum,

445 1520 498 1559 ιο
517 1495 633 1558 sed
681 1500 824 1560 erat
886 1495 1222 1578 apostolus
1278 1502 1346 1561 et
1399 1496 1790 1561 subsistebat
1834 1496 2098 1561 Paulus.
2190 1499 2298 1562 Ita
2360 1499 2554 1564 etiam
2610 1500 2768 1564 deus

515 1601 778 1666 verbum
838 1602 1234 1669 adsumendo
1299 1609 1364 1668 et
1407 1603 1705 1668 habendo
1755 1624 2031 1684 carnem,
2087 1603 2414 1687 loquendo
2471 1605 2768 1670 faciendo

513 1709 820 1792 patiendo
868 1731 986 1792 per
1042 1730 1299 1775 carnem
1348 1749 1433 1758 —-
1481 1711 1617 1776 sine
1673 1710 1803 1775 ulla
1862 1716 2080 1775 tamen
2140 1733 2292 1775 suae
2355 1714 2768 1796 corruptione

514 1822 783 1881 naturae
833 1854 918 1863 —
965 1816 1091 1882 hoc
1139 1817 1395 1882 omnino
1443 1823 1776 1900 praestare
1810 1817 2112 1900 dignatus
2160 1824 2277 1902 est,
2326 1825 2402 1883 ut
2445 1820 2769 1885 hominem

512 1922 876 2004 perfectum
904 1944 1034 1987 non
1078 1924 1442 1988 imitaretur
1474 1930 1587 1989 aut
1615 1922 1890 2007 fingeret
1920 1925 2034 1989 sed
2068 1924 2418 2009 exhiberet,
2466 1932 2540 1991 ut
2571 1928 2764 1992 homo

442 2053 494 2093 15
512 2051 698 2094 verus
729 2052 862 2096 non
892 2031 1217 2096 videretur
1263 2037 1376 2097 aut
1406 2037 1749 2115 putaretur
1791 2033 1904 2098 sed
1937 2038 2106 2099 esset
2136 2038 2332 2116 atque
2365 2035 2765 2101 subsisteret.

512 2136 723 2220 Igitur
754 2139 918 2203 sicut
943 2139 1175 2221 anima,
1211 2160 1499 2204 connexa
1545 2141 1724 2203 carni
1756 2161 1872 2203 nec
1917 2141 1985 2203 in
2025 2161 2280 2204 carnem
2311 2147 2529 2204 tamen
2562 2162 2764 2221 versa,

511 2266 644 2308 non
687 2244 978 2309 imitatur
1017 2246 1335 2310 hominem
1387 2247 1501 2310 sed
1544 2251 1644 2309 est
1673 2245 1892 2325 hom0,
1942 2251 2007 2309 et
2038 2245 2233 2309 homo
2266 2266 2398 2308 non
2429 2266 2547 2328 per
2579 2246 2767 2308 simu-

511 2351 819 2416 lationem
843 2351 957 2415 sed
988 2373 1104 2433 per
1127 2351 1576 2432 substantiam,
1608 2351 1702 2415 ita
1733 2351 1924 2414 etiam
1940 2350 2203 2414 verbum
2228 2350 2385 2413 deus
2414 2389 2495 2397 —
2522 2350 2765 2433 absque

510 2457 642 2522 ulla
687 2458 786 2522 sui
832 2460 1246 2523 conversione
1290 2457 1568 2521 uniendo
1616 2478 1684 2521 se
1730 2457 1971 2521 homini
2009 2477 2139 2520 non
2186 2456 2642 2522 confundendo
2675 2494 2763 2504 --

440 2589 494 2627 20
513 2586 643 2630 non
689 2564 999 2629 imitando
1048 2563 1259 2628 factus
1308 2568 1407 2627 est
1451 2564 1665 2647 homo,
1714 2564 1829 2629 sed
1876 2563 2306 2629 subsistendo.
2394 2563 2764 2629 Abiiciatur

515 2694 668 2756 ergo
716 2676 859 2738 tota
901 2672 1158 2756 penitus
1203 2691 1520 2753 personae
1558 2671 1723 2735 illius
1770 2671 2210 2754 intelligentia,
2262 2692 2427 2755 quae
2459 2669 2761 2754 fingendo

510 2780 872 2845 imitatione
918 2780 1281 2863 suscipitur,
1329 2780 1439 2845 ubi
1470 2801 1723 2863 semper
1754 2779 1927 2844 aliud
1970 2785 2068 2843 est
2101 2784 2166 2843 et
2198 2779 2371 2844 aliud
2404 2778 2761 2861 simulatur,

510 2887 624 2951 ubi
666 2886 791 2969 ille,
841 2888 950 2970 qui
981 2888 1134 2970 agit,
1184 2909 1531 2970 numquam
1563 2888 1617 2950 is
1652 2892 1771 2969 est,
1820 2908 2009 2968 quem
2042 2887 2196 2968 agit.
2274 2884 2475 2950 Absit
2507 2886 2763 2967 etenim,

510 2999 583 3058 ut
613 2994 738 3058 hoc
767 2993 983 3059 fallaci
1013 2994 1207 3059 modo
1242 2994 1398 3058 deus
1424 2994 1687 3058 verbum
1719 3014 2065 3075 personam
2094 2993 2371 3057 hominis
2404 2993 2764 3075 suscepisse

438 3126 491 3165 25
511 3101 835 3184 credatur,
883 3100 999 3165 sed
1041 3101 1136 3166 ita
1180 3101 1419 3183 potius,
1464 3106 1541 3163 ut
1586 3100 2093 3165 incommutabili
2124 3122 2241 3164 sua
2284 3105 2584 3165 manente
2617 3098 2764 3163 sub·

510 3208 751 3273 stantia
798 3213 862 3272 et
905 3208 971 3271 in
1017 3229 1086 3272 se
1132 3207 1402 3291 perfecti
1460 3207 1735 3273 hominis
1800 3206 2207 3290 suscipiendo
2265 3211 2567 3271 naturam
2624 3206 2764 3288 ipse

512 3336 682 3396 caro,
730 3314 868 3397 ipse
914 3315 1130 3395 hom0,
1174 3315 1312 3397 ipse
1359 3335 1635 3397 persona
1679 3314 1954 3378 hominis
2003 3313 2358 3392 exsisteret,
2406 3334 2542 3377 non
2572 3313 2764 3376 simu-

508 3421 743 3487 latoria
789 3422 904 3487 sed
933 3443 1105 3503 vera,
1152 3443 1287 3488 non
1329 3422 1646 3487 imitativa
1685 3421 1800 3487 sed
1832 3421 2254 3501 substantiva,
2302 3441 2434 3485 non
2466 3419 2760 3502 denique,

513 3549 678 3611 quae
727 3550 874 3593 cum
918 3528 1169 3593 actione
1218 3528 1577 3609 desisteret,
1629 3527 1745 3593 sed
1778 3548 1942 3610 quae
1987 3548 2254 3610 prorsus
2301 3527 2367 3590 in
2402 3527 2767 3592 substantia

439 3641 939 3717 sopermaneret.
2622 3638 2628 3645 '

688 3742 850 3811 XV.
898 3742 1085 3808 Haec
1129 3742 1324 3826 igitur
1368 3743 1435 3806 in
1466 3741 1727 3808 Christo
1760 3763 2076 3824 personae
2108 3742 2322 3806 unitas
2354 3762 2763 3825 nequaquam

510 3854 664 3933 post
694 3849 950 3932 virginis
981 3855 1237 3932 partum
1271 3850 1379 3913 sed
1415 3849 1483 3913 in
1512 3850 1654 3931 ipso
1680 3849 1940 3931 virginis
1972 3855 2159 3915 utero
2194 3854 2535 3932 compacta
2566 3854 2761 3931 atque

510 3956 803 4039 perfecta
849 3963 970 4022 est.
1043 3957 1188 4043 (21)
1237 3956 1675 4024 Vehementer
1721 3956 1955 4021 etenim
1999 3976 2383 4039 praecavere
2433 3954 2759 4035 debemuS,
