<?xml version="1.0" encoding="UTF-8"?>
<!DOCTYPE html PUBLIC "-//W3C//DTD XHTML 1.0 Transitional//EN"
    "http://www.w3.org/TR/xhtml1/DTD/xhtml1-transitional.dtd">
<html xmlns="http://www.w3.org/1999/xhtml" xml:lang="en" lang="en">
 <head>
  <title>
</title>
<meta http-equiv="Content-Type" content="text/html;charset=utf-8" />
  <meta name='ocr-system' content='tesseract 3.04.00' />
  <meta name='ocr-capabilities' content='ocr_page ocr_carea ocr_par ocr_line ocrx_word'/>
</head>
<body>
  <div class='ocr_page' id='page_1' title='image "./vincenzvonlerin01jlgoog_0051.png"; bbox 0 0 3092 4717; ppageno 0'>
   <div class='ocr_carea' id='block_1_1' title="bbox 992 454 2499 525">
    <p class='ocr_par' dir='ltr' id='par_1_1' title="bbox 992 454 2499 525">
     <span class='ocr_line' id='line_1_1' title="bbox 992 454 2499 525; baseline 0 -15"><span class='ocrx_word' id='word_1_1' title='bbox 992 454 1171 510; x_wconf 83' lang='lat' dir='ltr'><strong>xx-11</strong></span> <span class='ocrx_word' id='word_1_2' title='bbox 1206 454 1604 525; x_wconf 61' lang='lat' dir='ltr'><strong>(en-xxm</strong></span> <span class='ocrx_word' id='word_1_3' title='bbox 1629 454 1758 523; x_wconf 69' lang='lat' dir='ltr'><strong>(as).</strong></span> <span class='ocrx_word' id='word_1_4' title='bbox 2417 457 2499 520; x_wconf 86' lang='lat'><strong>33</strong></span> 
     </span>
    </p>
   </div>
   <div class='ocr_carea' id='block_1_2' title="bbox 239 606 2575 3160">
    <p class='ocr_par' dir='ltr' id='par_1_2' title="bbox 239 606 2575 3160">
     <span class='ocr_line' id='line_1_2' title="bbox 245 606 2501 700; baseline -0.001 -17"><span class='ocrx_word' id='word_1_5' title='bbox 245 618 445 683; x_wconf 84' lang='lat' dir='ltr'><strong>divini</strong></span> <span class='ocrx_word' id='word_1_6' title='bbox 514 617 726 683; x_wconf 89' lang='lat' dir='ltr'><strong>cultus</strong></span> <span class='ocrx_word' id='word_1_7' title='bbox 797 618 1128 682; x_wconf 90' lang='lat' dir='ltr'><strong>scientiam</strong></span> <span class='ocrx_word' id='word_1_8' title='bbox 1186 606 1290 681; x_wconf 60' lang='lat' dir='ltr'><strong>‘wel</strong></span> <span class='ocrx_word' id='word_1_9' title='bbox 1335 616 1577 681; x_wconf 89' lang='lat' dir='ltr'><strong>habere</strong></span> <span class='ocrx_word' id='word_1_10' title='bbox 1622 616 1746 700; x_wconf 92' lang='lat' dir='ltr'><strong>ipsi</strong></span> <span class='ocrx_word' id='word_1_11' title='bbox 1792 614 2032 682; x_wconf 92' lang='lat' dir='ltr'><strong>debent</strong></span> <span class='ocrx_word' id='word_1_12' title='bbox 2078 615 2178 680; x_wconf 88' lang='lat' dir='ltr'><strong>vel</strong></span> <span class='ocrx_word' id='word_1_13' title='bbox 2224 616 2363 681; x_wconf 91' lang='lat' dir='ltr'><strong>aliis</strong></span> <span class='ocrx_word' id='word_1_14' title='bbox 2409 617 2501 680; x_wconf 90' lang='lat' dir='ltr'><strong>in-</strong></span> 
     </span>
     <span class='ocr_line' id='line_1_3' title="bbox 239 722 2497 808; baseline -0.002 -17"><span class='ocrx_word' id='word_1_15' title='bbox 239 726 563 791; x_wconf 76' lang='lat' dir='ltr'><strong>fundere?</strong></span> <span class='ocrx_word' id='word_1_16' title='bbox 659 723 833 808; x_wconf 79' lang='lat' dir='ltr'><strong>Quid</strong></span> <span class='ocrx_word' id='word_1_17' title='bbox 879 729 1008 789; x_wconf 89' lang='lat' dir='ltr'><strong>est:</strong></span> <span class='ocrx_word' id='word_1_18' title='bbox 1082 727 1452 807; x_wconf 72' lang='lat' dir='ltr'><strong>depositum</strong></span> <span class='ocrx_word' id='word_1_19' title='bbox 1518 726 1827 788; x_wconf 72' lang='lat' dir='ltr'><strong>custodi?</strong></span> <span class='ocrx_word' id='word_1_20' title='bbox 1914 722 2220 805; x_wconf 79' lang='lat' dir='ltr'><strong>Custodi,</strong></span> <span class='ocrx_word' id='word_1_21' title='bbox 2268 723 2497 806; x_wconf 92' lang='lat' dir='ltr'><strong>inquit,</strong></span> 
     </span>
     <span class='ocr_line' id='line_1_4' title="bbox 239 829 2501 917; baseline -0.001 -20"><span class='ocrx_word' id='word_1_22' title='bbox 239 838 516 917; x_wconf 88' lang='lat' dir='ltr'><strong>propter</strong></span> <span class='ocrx_word' id='word_1_23' title='bbox 561 832 760 914; x_wconf 79' lang='lat' dir='ltr'><strong>fureS,</strong></span> <span class='ocrx_word' id='word_1_24' title='bbox 817 836 1090 915; x_wconf 89' lang='lat' dir='ltr'><strong>propter</strong></span> <span class='ocrx_word' id='word_1_25' title='bbox 1135 831 1446 913; x_wconf 92' lang='lat' dir='ltr'><strong>inimicos,</strong></span> <span class='ocrx_word' id='word_1_26' title='bbox 1494 851 1580 895; x_wconf 89' lang='lat' dir='ltr'><strong>ne</strong></span> <span class='ocrx_word' id='word_1_27' title='bbox 1630 829 2093 895; x_wconf 80' lang='lat' dir='ltr'>dormientibus</span> <span class='ocrx_word' id='word_1_28' title='bbox 2137 829 2501 895; x_wconf 90' lang='lat' dir='ltr'><strong>hominibus</strong></span> 
     </span>
     <span class='ocr_line' id='line_1_5' title="bbox 243 936 2501 1022; baseline -0.001 -18"><span class='ocrx_word' id='word_1_29' title='bbox 243 939 763 1022; x_wconf 82' lang='lat' dir='ltr'><strong>superseminent</strong></span> <span class='ocrx_word' id='word_1_30' title='bbox 808 938 1051 1003; x_wconf 90' lang='lat' dir='ltr'><strong>zizania</strong></span> <span class='ocrx_word' id='word_1_31' title='bbox 1097 959 1292 1020; x_wconf 91' lang='lat' dir='ltr'><strong>super</strong></span> <span class='ocrx_word' id='word_1_32' title='bbox 1334 936 1490 1002; x_wconf 91' lang='lat' dir='ltr'><strong>illud</strong></span> <span class='ocrx_word' id='word_1_33' title='bbox 1535 937 1735 1002; x_wconf 89' lang='lat' dir='ltr'><strong>tritici</strong></span> <span class='ocrx_word' id='word_1_34' title='bbox 1767 936 2009 1002; x_wconf 91' lang='lat' dir='ltr'><strong>bonum</strong></span> <span class='ocrx_word' id='word_1_35' title='bbox 2041 957 2276 1018; x_wconf 89' lang='lat' dir='ltr'><strong>semen,</strong></span> <span class='ocrx_word' id='word_1_36' title='bbox 2328 936 2501 1020; x_wconf 89' lang='lat' dir='ltr'><strong>quod</strong></span> 
     </span>
     <span class='ocr_line' id='line_1_6' title="bbox 248 1045 2547 1128; baseline -0 -18"><span class='ocrx_word' id='word_1_37' title='bbox 248 1047 680 1112; x_wconf 78' lang='lat' dir='ltr'><strong>seminaverat</strong></span> <span class='ocrx_word' id='word_1_38' title='bbox 719 1045 889 1110; x_wconf 92' lang='lat' dir='ltr'><strong>filius</strong></span> <span class='ocrx_word' id='word_1_39' title='bbox 936 1045 1210 1110; x_wconf 90' lang='lat' dir='ltr'><strong>hominis</strong></span> <span class='ocrx_word' id='word_1_40' title='bbox 1255 1046 1322 1108; x_wconf 95' lang='lat' dir='ltr'><strong>in</strong></span> <span class='ocrx_word' id='word_1_41' title='bbox 1369 1066 1524 1128; x_wconf 91' lang='lat' dir='ltr'><strong>agro</strong></span> <span class='ocrx_word' id='word_1_42' title='bbox 1574 1066 1713 1110; x_wconf 92' lang='lat' dir='ltr'><strong>suo.</strong></span> <span class='ocrx_word' id='word_1_43' title='bbox 1807 1048 2221 1127; x_wconf 56' lang='lat' dir='ltr'><strong>Depo-cltum,</strong></span> <span class='ocrx_word' id='word_1_44' title='bbox 2269 1045 2547 1128; x_wconf 78' lang='lat' dir='ltr'><strong>inquit,5</strong></span> 
     </span>
     <span class='ocr_line' id='line_1_7' title="bbox 254 1150 2501 1235; baseline -0.001 -16"><span class='ocrx_word' id='word_1_45' title='bbox 254 1158 540 1220; x_wconf 72' lang='lat' dir='ltr'><strong>custodi.</strong></span> <span class='ocrx_word' id='word_1_46' title='bbox 635 1150 807 1235; x_wconf 82' lang='lat' dir='ltr'><strong>Quid</strong></span> <span class='ocrx_word' id='word_1_47' title='bbox 855 1158 952 1217; x_wconf 85' lang='lat' dir='ltr'><strong>est</strong></span> <span class='ocrx_word' id='word_1_48' title='bbox 1001 1155 1420 1235; x_wconf 71' lang='lat' dir='ltr'><strong>depositum?</strong></span> <span class='ocrx_word' id='word_1_49' title='bbox 1492 1151 1574 1217; x_wconf 92' lang='lat' dir='ltr'><strong>Id</strong></span> <span class='ocrx_word' id='word_1_50' title='bbox 1620 1157 1748 1230; x_wconf 87' lang='lat' dir='ltr'><strong>est,</strong></span> <span class='ocrx_word' id='word_1_51' title='bbox 1798 1151 1974 1235; x_wconf 90' lang='lat' dir='ltr'><strong>quod</strong></span> <span class='ocrx_word' id='word_1_52' title='bbox 2021 1151 2139 1216; x_wconf 91' lang='lat' dir='ltr'><strong>tibi</strong></span> <span class='ocrx_word' id='word_1_53' title='bbox 2185 1151 2501 1216; x_wconf 88' lang='lat' dir='ltr'><strong>creditum</strong></span> 
     </span>
     <span class='ocr_line' id='line_1_8' title="bbox 246 1258 2502 1344; baseline -0.001 -19"><span class='ocrx_word' id='word_1_54' title='bbox 246 1265 365 1344; x_wconf 90' lang='lat' dir='ltr'><strong>est,</strong></span> <span class='ocrx_word' id='word_1_55' title='bbox 414 1282 550 1325; x_wconf 94' lang='lat' dir='ltr'><strong>non</strong></span> <span class='ocrx_word' id='word_1_56' title='bbox 597 1259 774 1342; x_wconf 91' lang='lat' dir='ltr'><strong>quod</strong></span> <span class='ocrx_word' id='word_1_57' title='bbox 820 1281 862 1324; x_wconf 91' lang='lat' dir='ltr'><strong>a</strong></span> <span class='ocrx_word' id='word_1_58' title='bbox 904 1265 972 1324; x_wconf 89' lang='lat' dir='ltr'><strong>te</strong></span> <span class='ocrx_word' id='word_1_59' title='bbox 1017 1260 1365 1340; x_wconf 84' lang='lat' dir='ltr'><strong>inventum,</strong></span> <span class='ocrx_word' id='word_1_60' title='bbox 1415 1258 1590 1342; x_wconf 90' lang='lat' dir='ltr'><strong>quod</strong></span> <span class='ocrx_word' id='word_1_61' title='bbox 1636 1259 1962 1342; x_wconf 88' lang='lat' dir='ltr'><strong>accepisti,</strong></span> <span class='ocrx_word' id='word_1_62' title='bbox 2009 1279 2141 1323; x_wconf 92' lang='lat' dir='ltr'><strong>non</strong></span> <span class='ocrx_word' id='word_1_63' title='bbox 2189 1258 2363 1342; x_wconf 90' lang='lat' dir='ltr'><strong>quod</strong></span> <span class='ocrx_word' id='word_1_64' title='bbox 2396 1279 2502 1323; x_wconf 86' lang='lat' dir='ltr'><strong>ex-</strong></span> 
     </span>
     <span class='ocr_line' id='line_1_9' title="bbox 247 1365 2502 1452; baseline -0.002 -20"><span class='ocrx_word' id='word_1_65' title='bbox 247 1368 582 1452; x_wconf 82' lang='lat' dir='ltr'><strong>cogitasti,</strong></span> <span class='ocrx_word' id='word_1_66' title='bbox 648 1388 785 1432; x_wconf 90' lang='lat' dir='ltr'><strong>rem</strong></span> <span class='ocrx_word' id='word_1_67' title='bbox 830 1388 962 1430; x_wconf 92' lang='lat' dir='ltr'><strong>non</strong></span> <span class='ocrx_word' id='word_1_68' title='bbox 1008 1366 1247 1449; x_wconf 90' lang='lat' dir='ltr'><strong>ingenii</strong></span> <span class='ocrx_word' id='word_1_69' title='bbox 1317 1365 1433 1429; x_wconf 92' lang='lat' dir='ltr'><strong>sed</strong></span> <span class='ocrx_word' id='word_1_70' title='bbox 1481 1366 1836 1445; x_wconf 88' lang='lat' dir='ltr'><strong>doctrinae,</strong></span> <span class='ocrx_word' id='word_1_71' title='bbox 1884 1385 2013 1430; x_wconf 91' lang='lat' dir='ltr'><strong>non</strong></span> <span class='ocrx_word' id='word_1_72' title='bbox 2060 1365 2502 1448; x_wconf 81' lang='lat' dir='ltr'><strong>usurpationis</strong></span> 
     </span>
     <span class='ocr_line' id='line_1_10' title="bbox 242 1471 2501 1559; baseline -0.002 -20"><span class='ocrx_word' id='word_1_73' title='bbox 242 1476 539 1559; x_wconf 85' lang='lat' dir='ltr'><strong>privatae</strong></span> <span class='ocrx_word' id='word_1_74' title='bbox 587 1473 701 1538; x_wconf 89' lang='lat' dir='ltr'><strong>sed</strong></span> <span class='ocrx_word' id='word_1_75' title='bbox 746 1473 1043 1558; x_wconf 91' lang='lat' dir='ltr'><strong>publicae</strong></span> <span class='ocrx_word' id='word_1_76' title='bbox 1073 1472 1459 1555; x_wconf 76' lang='lat' dir='ltr'><strong>traditioni8‚</strong></span> <span class='ocrx_word' id='word_1_77' title='bbox 1507 1494 1646 1537; x_wconf 90' lang='lat' dir='ltr'><strong>rem</strong></span> <span class='ocrx_word' id='word_1_78' title='bbox 1693 1471 1777 1536; x_wconf 91' lang='lat' dir='ltr'><strong>ad</strong></span> <span class='ocrx_word' id='word_1_79' title='bbox 1824 1478 1890 1536; x_wconf 95' lang='lat' dir='ltr'><strong>te</strong></span> <span class='ocrx_word' id='word_1_80' title='bbox 1922 1473 2323 1555; x_wconf 83' lang='lat' dir='ltr'><strong>perductam,</strong></span> <span class='ocrx_word' id='word_1_81' title='bbox 2371 1493 2501 1537; x_wconf 90' lang='lat' dir='ltr'><strong>non</strong></span> 
     </span>
     <span class='ocr_line' id='line_1_11' title="bbox 247 1579 2575 1664; baseline -0.001 -18"><span class='ocrx_word' id='word_1_82' title='bbox 247 1604 286 1646; x_wconf 91' lang='lat' dir='ltr'><strong>a</strong></span> <span class='ocrx_word' id='word_1_83' title='bbox 328 1588 395 1647; x_wconf 94' lang='lat' dir='ltr'><strong>te</strong></span> <span class='ocrx_word' id='word_1_84' title='bbox 443 1581 811 1664; x_wconf 82' lang='lat' dir='ltr'><strong>prolatam,</strong></span> <span class='ocrx_word' id='word_1_85' title='bbox 878 1581 944 1644; x_wconf 96' lang='lat' dir='ltr'><strong>in</strong></span> <span class='ocrx_word' id='word_1_86' title='bbox 1015 1602 1146 1664; x_wconf 89' lang='lat' dir='ltr'><strong>qua</strong></span> <span class='ocrx_word' id='word_1_87' title='bbox 1211 1600 1343 1645; x_wconf 94' lang='lat' dir='ltr'><strong>non</strong></span> <span class='ocrx_word' id='word_1_88' title='bbox 1391 1586 1620 1645; x_wconf 83' lang='lat' dir='ltr'><strong>auctor</strong></span> <span class='ocrx_word' id='word_1_89' title='bbox 1666 1579 1863 1645; x_wconf 89' lang='lat' dir='ltr'><strong>debes</strong></span> <span class='ocrx_word' id='word_1_90' title='bbox 1911 1601 2051 1645; x_wconf 85' lang='lat' dir='ltr'><strong>esse</strong></span> <span class='ocrx_word' id='word_1_91' title='bbox 2098 1579 2211 1644; x_wconf 91' lang='lat' dir='ltr'><strong>sed</strong></span> <span class='ocrx_word' id='word_1_92' title='bbox 2259 1585 2500 1663; x_wconf 91' lang='lat' dir='ltr'><strong>custos,</strong></span> <span class='ocrx_word' id='word_1_93' title='bbox 2523 1604 2575 1643; x_wconf 82' lang='grc' dir='ltr'><strong>ιο</strong></span> 
     </span>
     <span class='ocr_line' id='line_1_12' title="bbox 250 1686 2503 1770; baseline 0 -17"><span class='ocrx_word' id='word_1_94' title='bbox 250 1711 374 1754; x_wconf 91' lang='lat' dir='ltr'><strong>non</strong></span> <span class='ocrx_word' id='word_1_95' title='bbox 420 1688 765 1753; x_wconf 89' lang='lat' dir='ltr'><strong>institutor</strong></span> <span class='ocrx_word' id='word_1_96' title='bbox 810 1687 926 1753; x_wconf 88' lang='lat' dir='ltr'><strong>sed</strong></span> <span class='ocrx_word' id='word_1_97' title='bbox 972 1692 1292 1770; x_wconf 86' lang='lat' dir='ltr'><strong>sectator,</strong></span> <span class='ocrx_word' id='word_1_98' title='bbox 1346 1708 1477 1753; x_wconf 94' lang='lat' dir='ltr'><strong>non</strong></span> <span class='ocrx_word' id='word_1_99' title='bbox 1526 1687 1769 1752; x_wconf 91' lang='lat' dir='ltr'><strong>ducens</strong></span> <span class='ocrx_word' id='word_1_100' title='bbox 1817 1686 1933 1752; x_wconf 89' lang='lat' dir='ltr'><strong>sed</strong></span> <span class='ocrx_word' id='word_1_101' title='bbox 1981 1707 2276 1769; x_wconf 86' lang='lat' dir='ltr'><strong>sequens.</strong></span> <span class='ocrx_word' id='word_1_102' title='bbox 2376 1691 2503 1753; x_wconf 86' lang='lat' dir='ltr'><strong>De·-</strong></span> 
     </span>
     <span class='ocr_line' id='line_1_13' title="bbox 250 1793 2503 1879; baseline -0.001 -18"><span class='ocrx_word' id='word_1_103' title='bbox 250 1804 563 1879; x_wconf 75' lang='lat' dir='ltr'><strong>positum,</strong></span> <span class='ocrx_word' id='word_1_104' title='bbox 607 1795 836 1878; x_wconf 89' lang='lat' dir='ltr'><strong>inquit,</strong></span> <span class='ocrx_word' id='word_1_105' title='bbox 871 1798 1165 1861; x_wconf 72' lang='lat' dir='ltr'><strong>custodi:</strong></span> <span class='ocrx_word' id='word_1_106' title='bbox 1210 1795 1563 1860; x_wconf 89' lang='lat' dir='ltr'><strong>catholicae</strong></span> <span class='ocrx_word' id='word_1_107' title='bbox 1594 1793 1744 1859; x_wconf 92' lang='lat' dir='ltr'><strong>fidei</strong></span> <span class='ocrx_word' id='word_1_108' title='bbox 1776 1799 2096 1859; x_wconf 82' lang='lat' dir='ltr'><strong>talentum</strong></span> <span class='ocrx_word' id='word_1_109' title='bbox 2128 1794 2503 1859; x_wconf 84' lang='lat' dir='ltr'><strong>inviolatum</strong></span> 
     </span>
     <span class='ocr_line' id='line_1_14' title="bbox 257 1899 2501 1985; baseline -0 -20"><span class='ocrx_word' id='word_1_110' title='bbox 257 1904 717 1985; x_wconf 89' lang='lat' dir='ltr'><strong>inlibatumque</strong></span> <span class='ocrx_word' id='word_1_111' title='bbox 765 1923 1096 1967; x_wconf 85' lang='lat' dir='ltr'><strong>conserva.</strong></span> <span class='ocrx_word' id='word_1_112' title='bbox 1192 1899 1384 1984; x_wconf 81' lang='lat' dir='ltr'><strong>Quod</strong></span> <span class='ocrx_word' id='word_1_113' title='bbox 1430 1901 1551 1966; x_wconf 92' lang='lat' dir='ltr'><strong>tibi</strong></span> <span class='ocrx_word' id='word_1_114' title='bbox 1598 1903 1917 1967; x_wconf 90' lang='lat' dir='ltr'><strong>creditum</strong></span> <span class='ocrx_word' id='word_1_115' title='bbox 1965 1906 2084 1982; x_wconf 90' lang='lat' dir='ltr'><strong>est,</strong></span> <span class='ocrx_word' id='word_1_116' title='bbox 2134 1901 2258 1966; x_wconf 90' lang='lat' dir='ltr'><strong>hoc</strong></span> <span class='ocrx_word' id='word_1_117' title='bbox 2301 1923 2501 1985; x_wconf 90' lang='lat' dir='ltr'><strong>penes</strong></span> 
     </span>
     <span class='ocr_line' id='line_1_15' title="bbox 269 2006 2501 2091; baseline 0 -20"><span class='ocrx_word' id='word_1_118' title='bbox 269 2015 326 2073; x_wconf 85' lang='lat' dir='ltr'><strong>te</strong></span> <span class='ocrx_word' id='word_1_119' title='bbox 365 2014 623 2075; x_wconf 90' lang='lat' dir='ltr'><strong>maneat</strong></span> <span class='ocrx_word' id='word_1_120' title='bbox 642 2058 659 2091; x_wconf 96' lang='lat'><strong>,</strong></span> <span class='ocrx_word' id='word_1_121' title='bbox 728 2008 853 2074; x_wconf 89' lang='lat' dir='ltr'><strong>hoc</strong></span> <span class='ocrx_word' id='word_1_122' title='bbox 924 2030 964 2073; x_wconf 91' lang='lat' dir='ltr'><strong>a</strong></span> <span class='ocrx_word' id='word_1_123' title='bbox 1033 2014 1098 2073; x_wconf 88' lang='lat' dir='ltr'><strong>te</strong></span> <span class='ocrx_word' id='word_1_124' title='bbox 1167 2010 1488 2073; x_wconf 88' lang='lat' dir='ltr'><strong>tradatur.</strong></span> <span class='ocrx_word' id='word_1_125' title='bbox 1583 2006 1840 2072; x_wconf 89' lang='lat' dir='ltr'><strong>Aurum</strong></span> <span class='ocrx_word' id='word_1_126' title='bbox 1889 2008 2224 2091; x_wconf 89' lang='lat' dir='ltr'><strong>accepisti,</strong></span> <span class='ocrx_word' id='word_1_127' title='bbox 2274 2028 2501 2072; x_wconf 88' lang='lat' dir='ltr'><strong>aurum</strong></span> 
     </span>
     <span class='ocr_line' id='line_1_16' title="bbox 264 2114 2574 2199; baseline 0 -21"><span class='ocrx_word' id='word_1_128' title='bbox 264 2115 474 2199; x_wconf 81' lang='lat' dir='ltr'><strong>redde3</strong></span> <span class='ocrx_word' id='word_1_129' title='bbox 523 2115 676 2181; x_wconf 93' lang='lat' dir='ltr'><strong>nolo</strong></span> <span class='ocrx_word' id='word_1_130' title='bbox 721 2115 876 2179; x_wconf 91' lang='lat' dir='ltr'><strong>mihi</strong></span> <span class='ocrx_word' id='word_1_131' title='bbox 920 2136 1041 2198; x_wconf 93' lang='lat' dir='ltr'><strong>pro</strong></span> <span class='ocrx_word' id='word_1_132' title='bbox 1091 2115 1229 2179; x_wconf 87' lang='lat' dir='ltr'><strong>aliis</strong></span> <span class='ocrx_word' id='word_1_133' title='bbox 1277 2114 1402 2179; x_wconf 86' lang='lat' dir='ltr'><strong>alia</strong></span> <span class='ocrx_word' id='word_1_134' title='bbox 1447 2114 1766 2196; x_wconf 80' lang='lat' dir='ltr'><strong>subiiciaS,</strong></span> <span class='ocrx_word' id='word_1_135' title='bbox 1813 2114 1966 2178; x_wconf 93' lang='lat' dir='ltr'><strong>nolo</strong></span> <span class='ocrx_word' id='word_1_136' title='bbox 2013 2136 2133 2197; x_wconf 92' lang='lat' dir='ltr'><strong>pro</strong></span> <span class='ocrx_word' id='word_1_137' title='bbox 2181 2134 2340 2178; x_wconf 87' lang='lat' dir='ltr'><strong>auro</strong></span> <span class='ocrx_word' id='word_1_138' title='bbox 2387 2120 2501 2179; x_wconf 90' lang='lat' dir='ltr'><strong>aut</strong></span> <span class='ocrx_word' id='word_1_139' title='bbox 2522 2137 2574 2178; x_wconf 80' lang='lat'><strong>15</strong></span> 
     </span>
     <span class='ocr_line' id='line_1_17' title="bbox 261 2221 2497 2306; baseline -0.001 -19"><span class='ocrx_word' id='word_1_140' title='bbox 261 2223 656 2306; x_wconf 85' lang='lat' dir='ltr'><strong>impudenter</strong></span> <span class='ocrx_word' id='word_1_141' title='bbox 698 2221 1031 2306; x_wconf 89' lang='lat' dir='ltr'><strong>plumbum</strong></span> <span class='ocrx_word' id='word_1_142' title='bbox 1078 2228 1193 2286; x_wconf 86' lang='lat' dir='ltr'><strong>aut</strong></span> <span class='ocrx_word' id='word_1_143' title='bbox 1237 2221 1675 2286; x_wconf 87' lang='lat' dir='ltr'><strong>fraudulenter</strong></span> <span class='ocrx_word' id='word_1_144' title='bbox 1722 2226 2094 2286; x_wconf 87' lang='lat' dir='ltr'><strong>aeramenta</strong></span> <span class='ocrx_word' id='word_1_145' title='bbox 2134 2242 2497 2304; x_wconf 86' lang='lat' dir='ltr'><strong>supponas;</strong></span> 
     </span>
     <span class='ocr_line' id='line_1_18' title="bbox 256 2328 2500 2412; baseline 0 -19"><span class='ocrx_word' id='word_1_146' title='bbox 256 2331 396 2395; x_wconf 90' lang='lat' dir='ltr'><strong>nolo</strong></span> <span class='ocrx_word' id='word_1_147' title='bbox 447 2331 591 2394; x_wconf 93' lang='lat' dir='ltr'><strong>auri</strong></span> <span class='ocrx_word' id='word_1_148' title='bbox 638 2330 917 2412; x_wconf 89' lang='lat' dir='ltr'><strong>speciem</strong></span> <span class='ocrx_word' id='word_1_149' title='bbox 963 2328 1080 2393; x_wconf 87' lang='lat' dir='ltr'><strong>sed</strong></span> <span class='ocrx_word' id='word_1_150' title='bbox 1134 2335 1435 2394; x_wconf 90' lang='lat' dir='ltr'><strong>naturam</strong></span> <span class='ocrx_word' id='word_1_151' title='bbox 1490 2328 1702 2411; x_wconf 91' lang='lat' dir='ltr'><strong>plane.</strong></span> <span class='ocrx_word' id='word_1_152' title='bbox 1808 2331 1858 2395; x_wconf 87' lang='lat'><em>0</em></span> <span class='ocrx_word' id='word_1_153' title='bbox 1910 2332 2266 2412; x_wconf 76' lang='lat' dir='ltr'><strong>Timothee,</strong></span> <span class='ocrx_word' id='word_1_154' title='bbox 2314 2350 2351 2393; x_wconf 94' lang='lat' dir='ltr'><strong>o</strong></span> <span class='ocrx_word' id='word_1_155' title='bbox 2401 2350 2500 2394; x_wconf 90' lang='lat' dir='ltr'><strong>sa-</strong></span> 
     </span>
     <span class='ocr_line' id='line_1_19' title="bbox 254 2436 2500 2519; baseline -0 -18"><span class='ocrx_word' id='word_1_156' title='bbox 254 2437 502 2519; x_wconf 79' lang='lat' dir='ltr'><strong>cerd08,</strong></span> <span class='ocrx_word' id='word_1_157' title='bbox 554 2458 593 2502; x_wconf 95' lang='lat' dir='ltr'><strong>o</strong></span> <span class='ocrx_word' id='word_1_158' title='bbox 624 2441 963 2518; x_wconf 86' lang='lat' dir='ltr'><strong>tractator,</strong></span> <span class='ocrx_word' id='word_1_159' title='bbox 1011 2457 1049 2500; x_wconf 92' lang='lat' dir='ltr'><strong>o</strong></span> <span class='ocrx_word' id='word_1_160' title='bbox 1083 2436 1338 2518; x_wconf 89' lang='lat' dir='ltr'><strong>doctor,</strong></span> <span class='ocrx_word' id='word_1_161' title='bbox 1386 2437 1443 2500; x_wconf 90' lang='lat' dir='ltr'><strong>si</strong></span> <span class='ocrx_word' id='word_1_162' title='bbox 1484 2443 1553 2501; x_wconf 92' lang='lat' dir='ltr'><strong>te</strong></span> <span class='ocrx_word' id='word_1_163' title='bbox 1602 2436 1882 2500; x_wconf 88' lang='lat' dir='ltr'><strong>divinum</strong></span> <span class='ocrx_word' id='word_1_164' title='bbox 1926 2458 2156 2501; x_wconf 89' lang='lat' dir='ltr'><strong>munus</strong></span> <span class='ocrx_word' id='word_1_165' title='bbox 2199 2436 2500 2501; x_wconf 89' lang='lat' dir='ltr'><strong>idoneum</strong></span> 
     </span>
     <span class='ocr_line' id='line_1_20' title="bbox 249 2543 2499 2627; baseline -0 -20"><span class='ocrx_word' id='word_1_166' title='bbox 249 2543 476 2610; x_wconf 87' lang='lat' dir='ltr'><strong>fecerit</strong></span> <span class='ocrx_word' id='word_1_167' title='bbox 539 2544 795 2626; x_wconf 89' lang='lat' dir='ltr'><strong>ingenio</strong></span> <span class='ocrx_word' id='word_1_168' title='bbox 846 2543 1307 2608; x_wconf 87' lang='lat' dir='ltr'><strong>exercitatione</strong></span> <span class='ocrx_word' id='word_1_169' title='bbox 1355 2544 1673 2626; x_wconf 89' lang='lat' dir='ltr'><strong>doctrina,</strong></span> <span class='ocrx_word' id='word_1_170' title='bbox 1746 2549 1889 2608; x_wconf 90' lang='lat' dir='ltr'><strong>esto</strong></span> <span class='ocrx_word' id='word_1_171' title='bbox 1938 2543 2241 2627; x_wconf 88' lang='lat' dir='ltr'><strong>spiritalis</strong></span> <span class='ocrx_word' id='word_1_172' title='bbox 2287 2543 2499 2609; x_wconf 87' lang='lat' dir='ltr'><strong>taber·</strong></span> 
     </span>
     <span class='ocr_line' id='line_1_21' title="bbox 249 2649 2575 2734; baseline 0.001 -20"><span class='ocrx_word' id='word_1_173' title='bbox 249 2651 463 2716; x_wconf 92' lang='lat' dir='ltr'><strong>naculi</strong></span> <span class='ocrx_word' id='word_1_174' title='bbox 510 2649 835 2732; x_wconf 89' lang='lat' dir='ltr'><strong>Beseleel,</strong></span> <span class='ocrx_word' id='word_1_175' title='bbox 898 2651 1215 2733; x_wconf 90' lang='lat' dir='ltr'><strong>pretiosas</strong></span> <span class='ocrx_word' id='word_1_176' title='bbox 1263 2650 1456 2713; x_wconf 89' lang='lat' dir='ltr'><strong>divini</strong></span> <span class='ocrx_word' id='word_1_177' title='bbox 1504 2650 1828 2733; x_wconf 85' lang='lat' dir='ltr'><strong>dogmatis</strong></span> <span class='ocrx_word' id='word_1_178' title='bbox 1877 2671 2162 2734; x_wconf 89' lang='lat' dir='ltr'><strong>gemmas</strong></span> <span class='ocrx_word' id='word_1_179' title='bbox 2210 2649 2499 2732; x_wconf 84' lang='lat' dir='ltr'><strong>exculpe,</strong></span> <span class='ocrx_word' id='word_1_180' title='bbox 2520 2677 2575 2716; x_wconf 82' lang='lat'><strong>20</strong></span> 
     </span>
     <span class='ocr_line' id='line_1_22' title="bbox 248 2756 2502 2840; baseline 0 -19"><span class='ocrx_word' id='word_1_181' title='bbox 248 2756 528 2822; x_wconf 89' lang='lat' dir='ltr'><strong>fideliter</strong></span> <span class='ocrx_word' id='word_1_182' title='bbox 574 2762 839 2840; x_wconf 88' lang='lat' dir='ltr'><strong>coapta,</strong></span> <span class='ocrx_word' id='word_1_183' title='bbox 900 2757 1149 2822; x_wconf 88' lang='lat' dir='ltr'><strong>adorna</strong></span> <span class='ocrx_word' id='word_1_184' title='bbox 1205 2756 1563 2839; x_wconf 89' lang='lat' dir='ltr'><strong>sapienter,</strong></span> <span class='ocrx_word' id='word_1_185' title='bbox 1634 2756 1840 2821; x_wconf 87' lang='lat' dir='ltr'><strong>adiice</strong></span> <span class='ocrx_word' id='word_1_186' title='bbox 1886 2756 2295 2839; x_wconf 89' lang='lat' dir='ltr'><strong>splendorem</strong></span> <span class='ocrx_word' id='word_1_187' title='bbox 2359 2779 2502 2839; x_wconf 89' lang='lat' dir='ltr'><strong>gra-</strong></span> 
     </span>
     <span class='ocr_line' id='line_1_23' title="bbox 249 2862 2505 2947; baseline 0 -20"><span class='ocrx_word' id='word_1_188' title='bbox 249 2865 404 2928; x_wconf 85' lang='lat' dir='ltr'><strong>tiam</strong></span> <span class='ocrx_word' id='word_1_189' title='bbox 452 2869 871 2929; x_wconf 83' lang='lat' dir='ltr'><strong>venustatem.</strong></span> <span class='ocrx_word' id='word_1_190' title='bbox 950 2863 1362 2945; x_wconf 89' lang='lat' dir='ltr'><strong>Intelligatur</strong></span> <span class='ocrx_word' id='word_1_191' title='bbox 1407 2869 1474 2928; x_wconf 83' lang='lat' dir='ltr'><strong>te</strong></span> <span class='ocrx_word' id='word_1_192' title='bbox 1528 2868 1892 2947; x_wconf 88' lang='lat' dir='ltr'><strong>exponente</strong></span> <span class='ocrx_word' id='word_1_193' title='bbox 1938 2863 2288 2946; x_wconf 90' lang='lat' dir='ltr'><strong>inlustrius,</strong></span> <span class='ocrx_word' id='word_1_194' title='bbox 2324 2862 2505 2947; x_wconf 87' lang='lat' dir='ltr'><strong>quod</strong></span> 
     </span>
     <span class='ocr_line' id='line_1_24' title="bbox 251 2969 2504 3053; baseline -0.001 -17"><span class='ocrx_word' id='word_1_195' title='bbox 251 2977 443 3036; x_wconf 89' lang='lat' dir='ltr'><strong>antea</strong></span> <span class='ocrx_word' id='word_1_196' title='bbox 502 2970 836 3036; x_wconf 90' lang='lat' dir='ltr'><strong>obscurius</strong></span> <span class='ocrx_word' id='word_1_197' title='bbox 901 2970 1307 3038; x_wconf 89' lang='lat' dir='ltr'><strong>credebatur.</strong></span> <span class='ocrx_word' id='word_1_198' title='bbox 1400 2970 1531 3036; x_wconf 88' lang='lat' dir='ltr'><strong>Per</strong></span> <span class='ocrx_word' id='word_1_199' title='bbox 1587 2976 1654 3035; x_wconf 88' lang='lat' dir='ltr'><strong>te</strong></span> <span class='ocrx_word' id='word_1_200' title='bbox 1712 2971 2062 3053; x_wconf 90' lang='lat' dir='ltr'><strong>posteritas</strong></span> <span class='ocrx_word' id='word_1_201' title='bbox 2106 2969 2504 3036; x_wconf 86' lang='lat' dir='ltr'><strong>intellectum</strong></span> 
     </span>
     <span class='ocr_line' id='line_1_25' title="bbox 252 3077 2500 3160; baseline -0 -19"><span class='ocrx_word' id='word_1_202' title='bbox 252 3077 637 3160; x_wconf 86' lang='lat' dir='ltr'><strong>gratuletur,</strong></span> <span class='ocrx_word' id='word_1_203' title='bbox 687 3078 865 3160; x_wconf 89' lang='lat' dir='ltr'><strong>quod</strong></span> <span class='ocrx_word' id='word_1_204' title='bbox 912 3084 1062 3142; x_wconf 88' lang='lat' dir='ltr'><strong>ante</strong></span> <span class='ocrx_word' id='word_1_205' title='bbox 1111 3082 1397 3142; x_wconf 87' lang='lat' dir='ltr'><strong>vetustas</strong></span> <span class='ocrx_word' id='word_1_206' title='bbox 1444 3100 1577 3142; x_wconf 92' lang='lat' dir='ltr'><strong>non</strong></span> <span class='ocrx_word' id='word_1_207' title='bbox 1622 3077 2019 3143; x_wconf 87' lang='lat' dir='ltr'><strong>intellectum</strong></span> <span class='ocrx_word' id='word_1_208' title='bbox 2051 3077 2500 3143; x_wconf 85' lang='lat' dir='ltr'><strong>venerabatur.</strong></span> 
     </span>
    </p>
   </div>
   <div class='ocr_carea' id='block_1_3' title="bbox 251 3184 2576 3355">
    <p class='ocr_par' dir='ltr' id='par_1_3' title="bbox 251 3184 2576 3355">
     <span class='ocr_line' id='line_1_26' title="bbox 251 3184 2576 3269; baseline 0.001 -20"><span class='ocrx_word' id='word_1_209' title='bbox 251 3184 504 3249; x_wconf 85' lang='lat' dir='ltr'><strong>Eadem</strong></span> <span class='ocrx_word' id='word_1_210' title='bbox 535 3189 773 3266; x_wconf 90' lang='lat' dir='ltr'><strong>tamen,</strong></span> <span class='ocrx_word' id='word_1_211' title='bbox 822 3206 987 3267; x_wconf 86' lang='lat' dir='ltr'><strong>quae</strong></span> <span class='ocrx_word' id='word_1_212' title='bbox 1022 3184 1321 3265; x_wconf 87' lang='lat' dir='ltr'><strong>didicisti,</strong></span> <span class='ocrx_word' id='word_1_213' title='bbox 1371 3184 1554 3267; x_wconf 91' lang='lat' dir='ltr'><strong>doce,</strong></span> <span class='ocrx_word' id='word_1_214' title='bbox 1604 3190 1695 3268; x_wconf 91' lang='lat' dir='ltr'><strong>ut,</strong></span> <span class='ocrx_word' id='word_1_215' title='bbox 1746 3206 1891 3249; x_wconf 93' lang='lat' dir='ltr'><strong>cum</strong></span> <span class='ocrx_word' id='word_1_216' title='bbox 1925 3184 2098 3249; x_wconf 91' lang='lat' dir='ltr'><strong>dicas</strong></span> <span class='ocrx_word' id='word_1_217' title='bbox 2137 3205 2320 3269; x_wconf 86' lang='lat' dir='ltr'><strong>nove,</strong></span> <span class='ocrx_word' id='word_1_218' title='bbox 2368 3206 2502 3250; x_wconf 93' lang='lat' dir='ltr'><strong>non</strong></span> <span class='ocrx_word' id='word_1_219' title='bbox 2521 3210 2576 3251; x_wconf 80' lang='lat'><strong>25</strong></span> 
     </span>
     <span class='ocr_line' id='line_1_27' title="bbox 252 3290 663 3355; baseline -0.005 0"><span class='ocrx_word' id='word_1_220' title='bbox 252 3290 428 3355; x_wconf 87' lang='lat' dir='ltr'><strong>dicas</strong></span> <span class='ocrx_word' id='word_1_221' title='bbox 474 3311 663 3355; x_wconf 87' lang='lat' dir='ltr'><strong>nova.</strong></span> 
     </span>
    </p>
   </div>
   <div class='ocr_carea' id='block_1_4' title="bbox 250 3395 2573 3909">
    <p class='ocr_par' dir='ltr' id='par_1_4' title="bbox 250 3395 2573 3909">
     <span class='ocr_line' id='line_1_28' title="bbox 427 3395 2501 3483; baseline 0.001 -22"><span class='ocrx_word' id='word_1_222' title='bbox 427 3396 718 3461; x_wconf 88' lang='lat' dir='ltr'><strong>XXIII.</strong></span> <span class='ocrx_word' id='word_1_223' title='bbox 769 3399 909 3482; x_wconf 82' lang='lat'>(28)</span> <span class='ocrx_word' id='word_1_224' title='bbox 943 3395 1074 3462; x_wconf 86' lang='lat' dir='ltr'><strong>Sed</strong></span> <span class='ocrx_word' id='word_1_225' title='bbox 1104 3397 1380 3462; x_wconf 84' lang='lat' dir='ltr'><strong>forsitan</strong></span> <span class='ocrx_word' id='word_1_226' title='bbox 1414 3398 1572 3462; x_wconf 87' lang='lat' dir='ltr'><strong>dicit</strong></span> <span class='ocrx_word' id='word_1_227' title='bbox 1602 3398 1859 3481; x_wconf 85' lang='lat' dir='ltr'><strong>aliquis:</strong></span> <span class='ocrx_word' id='word_1_228' title='bbox 1901 3397 2196 3464; x_wconf 85' lang='lat' dir='ltr'><strong>nullusne</strong></span> <span class='ocrx_word' id='word_1_229' title='bbox 2229 3420 2381 3483; x_wconf 90' lang='lat' dir='ltr'><strong>ergo</strong></span> <span class='ocrx_word' id='word_1_230' title='bbox 2435 3400 2501 3464; x_wconf 92' lang='lat' dir='ltr'><strong>in</strong></span> 
     </span>
     <span class='ocr_line' id='line_1_29' title="bbox 253 3502 2503 3587; baseline 0.002 -20"><span class='ocrx_word' id='word_1_231' title='bbox 253 3504 523 3569; x_wconf 86' lang='lat' dir='ltr'><strong>ecclesia</strong></span> <span class='ocrx_word' id='word_1_232' title='bbox 592 3502 835 3568; x_wconf 81' lang='lat' dir='ltr'><strong>Christi</strong></span> <span class='ocrx_word' id='word_1_233' title='bbox 902 3503 1234 3587; x_wconf 86' lang='lat' dir='ltr'><strong>profectus</strong></span> <span class='ocrx_word' id='word_1_234' title='bbox 1301 3503 1647 3570; x_wconf 84' lang='lat' dir='ltr'><strong>habebitur</strong></span> <span class='ocrx_word' id='word_1_235' title='bbox 1711 3504 2084 3587; x_wconf 60' lang='lat' dir='ltr'><strong>religionis?</strong></span> <span class='ocrx_word' id='word_1_236' title='bbox 2160 3505 2503 3571; x_wconf 84' lang='lat' dir='ltr'><strong>Habeatur</strong></span> 
     </span>
     <span class='ocr_line' id='line_1_30' title="bbox 250 3608 2502 3695; baseline 0.002 -22"><span class='ocrx_word' id='word_1_237' title='bbox 250 3608 440 3692; x_wconf 90' lang='lat' dir='ltr'><strong>plane</strong></span> <span class='ocrx_word' id='word_1_238' title='bbox 491 3616 557 3675; x_wconf 84' lang='lat' dir='ltr'><strong>et</strong></span> <span class='ocrx_word' id='word_1_239' title='bbox 603 3613 936 3676; x_wconf 80' lang='lat' dir='ltr'><strong>maximuS.</strong></span> <span class='ocrx_word' id='word_1_240' title='bbox 1032 3611 1205 3677; x_wconf 90' lang='lat' dir='ltr'><strong>Nam</strong></span> <span class='ocrx_word' id='word_1_241' title='bbox 1252 3612 1394 3695; x_wconf 90' lang='lat' dir='ltr'><strong>quis</strong></span> <span class='ocrx_word' id='word_1_242' title='bbox 1440 3612 1550 3677; x_wconf 93' lang='lat' dir='ltr'><strong>ille</strong></span> <span class='ocrx_word' id='word_1_243' title='bbox 1597 3617 1697 3676; x_wconf 88' lang='lat' dir='ltr'><strong>est</strong></span> <span class='ocrx_word' id='word_1_244' title='bbox 1758 3618 1895 3676; x_wconf 90' lang='lat' dir='ltr'><strong>tam</strong></span> <span class='ocrx_word' id='word_1_245' title='bbox 1939 3611 2192 3677; x_wconf 86' lang='lat' dir='ltr'><strong>invidus</strong></span> <span class='ocrx_word' id='word_1_246' title='bbox 2237 3613 2502 3678; x_wconf 91' lang='lat' dir='ltr'><strong>homini-</strong></span> 
     </span>
     <span class='ocr_line' id='line_1_31' title="bbox 251 3715 2573 3802; baseline 0.002 -23"><span class='ocrx_word' id='word_1_247' title='bbox 251 3715 393 3797; x_wconf 92' lang='lat' dir='ltr'><strong>bus,</strong></span> <span class='ocrx_word' id='word_1_248' title='bbox 446 3722 584 3781; x_wconf 89' lang='lat' dir='ltr'><strong>tam</strong></span> <span class='ocrx_word' id='word_1_249' title='bbox 632 3738 865 3783; x_wconf 84' lang='lat' dir='ltr'><strong>exosus</strong></span> <span class='ocrx_word' id='word_1_250' title='bbox 913 3718 1059 3802; x_wconf 88' lang='lat' dir='ltr'><strong>dec,</strong></span> <span class='ocrx_word' id='word_1_251' title='bbox 1108 3719 1218 3802; x_wconf 90' lang='lat' dir='ltr'><strong>qui</strong></span> <span class='ocrx_word' id='word_1_252' title='bbox 1262 3718 1437 3783; x_wconf 89' lang='lat' dir='ltr'><strong>istud</strong></span> <span class='ocrx_word' id='word_1_253' title='bbox 1484 3718 1829 3802; x_wconf 89' lang='lat' dir='ltr'><strong>prohibere</strong></span> <span class='ocrx_word' id='word_1_254' title='bbox 1863 3719 2176 3784; x_wconf 76' lang='lat' dir='ltr'><strong>conetur?</strong></span> <span class='ocrx_word' id='word_1_255' title='bbox 2248 3717 2379 3784; x_wconf 83' lang='lat' dir='ltr'><strong>Sed</strong></span> <span class='ocrx_word' id='word_1_256' title='bbox 2409 3720 2573 3784; x_wconf 75' lang='lat' dir='ltr'><strong>itaso</strong></span> 
     </span>
     <span class='ocr_line' id='line_1_32' title="bbox 254 3824 2499 3909; baseline 0.003 -24"><span class='ocrx_word' id='word_1_257' title='bbox 254 3828 490 3898; x_wconf 80' lang='lat' dir='ltr'><strong>tamen,</strong></span> <span class='ocrx_word' id='word_1_258' title='bbox 540 3828 615 3887; x_wconf 89' lang='lat' dir='ltr'><strong>ut</strong></span> <span class='ocrx_word' id='word_1_259' title='bbox 661 3846 808 3890; x_wconf 88' lang='lat' dir='ltr'><strong>vere</strong></span> <span class='ocrx_word' id='word_1_260' title='bbox 853 3824 1187 3909; x_wconf 89' lang='lat' dir='ltr'><strong>profectus</strong></span> <span class='ocrx_word' id='word_1_261' title='bbox 1234 3826 1318 3892; x_wconf 92' lang='lat' dir='ltr'><strong>sit</strong></span> <span class='ocrx_word' id='word_1_262' title='bbox 1362 3824 1466 3890; x_wconf 90' lang='lat' dir='ltr'><strong>ille</strong></span> <span class='ocrx_word' id='word_1_263' title='bbox 1514 3826 1687 3909; x_wconf 90' lang='lat' dir='ltr'><strong>fidei,</strong></span> <span class='ocrx_word' id='word_1_264' title='bbox 1734 3847 1866 3891; x_wconf 91' lang='lat' dir='ltr'><strong>non</strong></span> <span class='ocrx_word' id='word_1_265' title='bbox 1911 3826 2322 3909; x_wconf 89' lang='lat' dir='ltr'><strong>permutatio.</strong></span> <span class='ocrx_word' id='word_1_266' title='bbox 2403 3824 2499 3891; x_wconf 84' lang='lat' dir='ltr'><strong>Si-</strong></span> 
     </span>
    </p>
   </div>
   <div class='ocr_carea' id='block_1_5' title="bbox 252 3976 681 3986">
    <p class='ocr_par' dir='ltr' id='par_1_5' title="bbox 252 3976 681 3986">
     <span class='ocr_line' id='line_1_33' title="bbox 252 3976 681 3986; baseline 0 731"><span class='ocrx_word' id='word_1_267' title='bbox 252 3976 681 3986; x_wconf 95' lang='lat' dir='ltr'><strong> </strong></span> 
     </span>
    </p>
   </div>
   <div class='ocr_carea' id='block_1_6' title="bbox 433 4055 2496 4126">
    <p class='ocr_par' dir='ltr' id='par_1_6' title="bbox 433 4055 2496 4126">
     <span class='ocr_line' id='line_1_34' title="bbox 433 4055 2496 4126; baseline 0 -17"><span class='ocrx_word' id='word_1_268' title='bbox 433 4057 466 4108; x_wconf 84' lang='lat'><strong>3</strong></span> <span class='ocrx_word' id='word_1_269' title='bbox 490 4055 599 4110; x_wconf 82' lang='lat' dir='ltr'><strong>Mt.</strong></span> <span class='ocrx_word' id='word_1_270' title='bbox 628 4058 712 4123; x_wconf 91' lang='lat'><strong>13,</strong></span> <span class='ocrx_word' id='word_1_271' title='bbox 738 4059 810 4110; x_wconf 78' lang='grc'><strong>24</strong></span> <span class='ocrx_word' id='word_1_272' title='bbox 825 4075 904 4125; x_wconf 88' lang='lat' dir='ltr'><strong>sq.</strong></span> <span class='ocrx_word' id='word_1_273' title='bbox 933 4058 1019 4111; x_wconf 88' lang='lat'><strong>37.</strong></span> <span class='ocrx_word' id='word_1_274' title='bbox 1167 4058 1234 4110; x_wconf 78' lang='lat'><strong>12</strong></span> <span class='ocrx_word' id='word_1_275' title='bbox 1260 4057 1326 4112; x_wconf 88' lang='lat' dir='ltr'><strong>cf.</strong></span> <span class='ocrx_word' id='word_1_276' title='bbox 1351 4056 1457 4112; x_wconf 79' lang='lat' dir='ltr'><strong>Mt.</strong></span> <span class='ocrx_word' id='word_1_277' title='bbox 1479 4058 1569 4126; x_wconf 79' lang='lat'><strong>25,</strong></span> <span class='ocrx_word' id='word_1_278' title='bbox 1597 4056 1680 4110; x_wconf 79' lang='lat'><strong>15.</strong></span> <span class='ocrx_word' id='word_1_279' title='bbox 1829 4059 1894 4109; x_wconf 87' lang='lat'><strong>19</strong></span> <span class='ocrx_word' id='word_1_280' title='bbox 1922 4056 1988 4111; x_wconf 90' lang='lat' dir='ltr'><strong>cf.</strong></span> <span class='ocrx_word' id='word_1_281' title='bbox 2014 4056 2194 4110; x_wconf 84' lang='lat' dir='ltr'><strong>Exod.</strong></span> <span class='ocrx_word' id='word_1_282' title='bbox 2221 4058 2305 4124; x_wconf 91' lang='lat'><strong>31,</strong></span> <span class='ocrx_word' id='word_1_283' title='bbox 2334 4059 2496 4126; x_wconf 81' lang='lat' dir='ltr'><strong>2sqq.</strong></span> 
     </span>
    </p>
   </div>
   <div class='ocr_carea' id='block_1_7' title="bbox 362 4150 2107 4217">
    <p class='ocr_par' dir='ltr' id='par_1_7' title="bbox 362 4150 2107 4217">
     <span class='ocr_line' id='line_1_35' title="bbox 362 4150 2107 4217; baseline 0.002 -22"><span class='ocrx_word' id='word_1_284' title='bbox 362 4150 570 4195; x_wconf 86' lang='lat' dir='ltr'><strong>Vincenz</strong></span> <span class='ocrx_word' id='word_1_285' title='bbox 597 4163 693 4197; x_wconf 90' lang='lat' dir='ltr'><strong>von</strong></span> <span class='ocrx_word' id='word_1_286' title='bbox 719 4151 959 4197; x_wconf 88' lang='lat' dir='ltr'><strong>Lerinum.</strong></span> <span class='ocrx_word' id='word_1_287' title='bbox 2074 4166 2107 4217; x_wconf 84' lang='lat'><strong>3</strong></span> 
     </span>
    </p>
   </div>
  </div>
 </body>
</html>
