3092 4717
584 446 667 507 30
1556 442 1670 498 xx
1708 443 1841 514 (25).

580 604 756 686 serit,
802 603 869 667 id
915 625 1049 669 non
1095 604 1179 669 ad
1223 605 1602 688 religionem
1648 604 1763 668 sed
1812 603 1893 668 ad
1940 605 2371 670 tentationem
2401 604 2615 688 potius
2646 603 2835 669 intel·

578 710 717 793 ligit
762 711 1119 794 pertinere,
1180 717 1319 776 tum
1365 713 1712 796 praecipue
1758 711 1936 776 beati
1981 712 2261 794 apostoli
2304 712 2495 776 Pauli
2542 711 2837 776 eruditus

580 817 870 900 eloquiis.
963 817 1114 883 Hoc
1162 824 1262 883 est
1309 820 1498 901 enim,
1550 817 1725 902 quod
1771 818 1837 881 in
1881 818 2089 901 prima
2133 819 2217 883 ad
2261 816 2629 883 Corinthios
2675 820 2837 883 scri-

578 924 710 988 bit:
762 935 1047 1008 oportet,
1090 926 1319 1009 inquit,
1370 937 1440 991 et
1481 930 1801 991 haerese-s·
1849 947 2022 1007 esse,
2071 935 2151 990 ut
2175 930 2454 1008 probati
2483 931 2840 1007 manifesti

533 1036 751 1114 5flant
791 1040 861 1097 in
909 1037 1135 1112 vobis;
1182 1054 1259 1097 ac
1307 1035 1359 1098 si
1408 1034 1680 1098 diceret:
1733 1032 1817 1099 ob
1864 1033 1987 1097 hoc
2031 1033 2387 1098 haereseon
2432 1054 2564 1097 non
2611 1035 2840 1098 statim

578 1138 880 1202 divinitus
944 1139 1356 1205 eradicantur
1417 1145 1753 1222 auctores,
1820 1151 1898 1205 ut
1929 1144 2206 1223 probati
2251 1145 2600 1220 manifesti
2636 1144 2838 1223 fiant,

573 1245 640 1308 id
702 1252 833 1310 est:
900 1251 974 1310 ut
1018 1248 1477 1331 unusquisque,
1536 1269 1732 1331 quam
1789 1253 1986 1312 tenax
2040 1253 2107 1312 et
2152 1245 2358 1312 fidelis
2405 1252 2472 1311 et
2516 1246 2680 1312 fixus
2729 1269 2842 1313 ca-

573 1351 851 1417 tholicae
897 1351 1050 1419 fidei
1095 1355 1178 1418 sit
1224 1360 1494 1437 amator,
1545 1360 1879 1437 appareat.

750 1459 845 1525 Et
889 1481 1134 1543 revera,
1183 1482 1329 1525 cum
1377 1482 1670 1545 quaeque
1716 1462 1971 1526 novitas
2005 1461 2247 1544 ebullit,
2296 1463 2513 1526 statim
2545 1463 2840 1527 cernitur

502 1590 555 1629 10
573 1564 1038 1632 frumentorum
1087 1568 1365 1651 gravitas
1413 1574 1480 1633 et
1523 1569 1753 1633 levitas
1799 1568 2167 1650 palearum3
2218 1575 2373 1633 tunc
2414 1570 2551 1633 sine
2590 1591 2832 1653 magno

572 1672 894 1739 molimine
942 1676 1266 1739 excutitur
1312 1675 1394 1740 ab
1442 1696 1617 1757 area,
1666 1675 1844 1758 quod
1882 1675 2059 1740 nullo
2090 1676 2378 1759 pondere
2408 1677 2580 1741 intra
2611 1698 2833 1742 aream

569 1779 935 1845 tenebatur.
1028 1781 1329 1865 Namque
1393 1781 1503 1846 alii
1565 1782 1737 1847 illico
1799 1804 2065 1866 prorsus
2126 1782 2418 1863 avolant,
2486 1783 2593 1847 alii
2654 1806 2827 1867 ver0,

569 1888 1025 1954 tantummodo
1095 1890 1375 1971 excussi,
1440 1894 1503 1954 et
1558 1890 1771 1974 perire
1832 1895 2129 1955 metuunt
2194 1895 2261 1954 et
2307 1889 2518 1955 redire
2567 1890 2827 1956 erubes-

571 2001 749 2076 cunt,
813 1996 1035 2079 saucii,
1098 1997 1444 2063 semineces
1492 2019 1571 2062 ac
1618 1997 1918 2079 semivivi,
1983 1997 2221 2080 quippe
2271 1998 2380 2081 qui
2426 2002 2677 2062 tantam
2723 2020 2825 2063 ve-

500 2128 553 2168 15
571 2102 722 2166 116111
766 2102 1102 2168 hauserint
1149 2105 1599 2187 quantitatem,
1649 2125 1815 2186 quae
1861 2125 1981 2168 nec
2031 2103 2289 2169 occidat
2319 2124 2440 2168 nec
2472 2103 2821 2186 digeratur,

569 2232 689 2275 nec
735 2211 900 2276 mori
946 2217 1140 2296 cogat
1186 2232 1305 2276 nec
1351 2212 1562 2275 vivere
1608 2212 1797 2275 sinat.
1891 2210 2046 2274 Heu
2091 2210 2456 2273 miseranda
2501 2210 2819 2273 conditio!

571 2315 847 2399 Quantis
878 2318 969 2382 illi
1002 2340 1303 2382 curarum
1334 2318 1638 2399 aestibus,
1690 2318 1946 2400 quantis
1981 2315 2343 2380 turbinibus
2378 2315 2816 2397 exagitantur!

569 2423 764 2488 Nunc
796 2425 1049 2505 etenim,
1101 2445 1229 2507 qua
1260 2431 1488 2489 ventus
1518 2423 1866 2506 impulerit,
1906 2424 2178 2487 incitato
2214 2442 2432 2487 errore
2462 2422 2817 2505 rapiuntur,

569 2552 739 2596 nunc
786 2532 851 2595 in
898 2532 1281 2613 semetipsos
1339 2531 1581 2596 reversi
1637 2536 1967 2613 tamquam
2025 2530 2336 2594 contrarii
2389 2528 2623 2594 fluctus
2677 2529 2819 2592 reli·

496 2662 550 2701 20
570 2639 845 2722 duntur3
905 2659 1077 2703 nunc
1122 2638 1469 2703 temeraria
1513 2637 2043 2720 praesumptione
2091 2642 2158 2702 et
2206 2658 2311 2719 ea,
2360 2657 2527 2719 quae
2572 2636 2822 2700 incerta

568 2747 884 2825 videntur,
933 2744 1321 2828 adprobant,
1369 2766 1539 2809 nunc
1570 2744 1937 2810 inrationali
1968 2750 2164 2826 metu,
2215 2744 2407 2809 etiam
2441 2763 2607 2826 quae
2642 2749 2819 2808 certa

569 2857 739 2935 sunt,
791 2858 1255 2935 expavescunt:
1303 2854 1556 2935 incerti,
1604 2873 1734 2935 qua
1780 2858 1952 2934 eant,
2002 2873 2131 2934 qua
2169 2851 2473 2933 redeant,
2524 2850 2678 2933 quid
2708 2851 2819 2914 ad-

565 2965 826 3043 petant,
888 2958 1044 3042 quid
1089 2958 1368 3041 fugiant,
1435 2959 1592 3042 quid
1637 2964 1928 3037 teneant,
1989 2957 2144 3040 quid
2191 2958 2538 3022 dimittant.
2634 2954 2819 3039 Quae

568 3065 824 3148 quidem
875 3065 1053 3129 dubii
1100 3072 1166 3129 et
1210 3065 1376 3130 male
1407 3065 1674 3148 penduli
1706 3065 1924 3129 cordis
1955 3063 2237 3129 adflictio
2272 3064 2522 3129 divinae
2555 3085 2710 3147 erga
2749 3085 2818 3128 se

489 3195 544 3237 25
566 3173 994 3237 miserationis
1041 3178 1141 3237 est
1187 3171 1522 3254 medicina,
1575 3173 1630 3236 si
1675 3172 1953 3255 sapiant.
2044 3171 2300 3235 Idcirco
2349 3172 2585 3235 etenim
2631 3176 2819 3236 extra

565 3280 958 3345 tutissimum
1027 3279 1386 3345 catholicae
1454 3278 1607 3344 fidei
1672 3286 1935 3362 portum
2005 3278 2270 3343 diversis
2348 3278 2818 3360 cogitationum

566 3388 946 3471 quatiuntur
1016 3387 1439 3453 verberantur
1503 3409 1581 3452 ac
1645 3408 1851 3470 paene
1933 3390 2284 3452 enecantur
2340 3386 2646 3469 procellis
2661 3436 2675 3465 ,
2742 3393 2817 3450 ut

565 3515 833 3559 excussa
884 3494 953 3558 in
1008 3493 1215 3558 altum
1272 3494 1486 3559 elatae
1532 3494 1766 3559 mentis
1812 3494 1953 3559 vela
1998 3493 2356 3577 deponant,
2425 3514 2589 3577 quae
2648 3494 2814 3558 male

562 3603 923 3667 novitatum
970 3601 1175 3665 ventis
1222 3600 1683 3684 expanderant,
1741 3622 2008 3684 seseque
2054 3602 2226 3665 intra
2252 3582 2643 3665 'fidissimam
2690 3608 2816 3665 sta·

492 3731 546 3771 ao
562 3709 806 3774 tionem
851 3707 1148 3791 placidae
1195 3728 1272 3772 ac
1318 3707 1527 3773 bonae
1574 3709 1799 3773 matris
1839 3708 2154 3773 reducant
2185 3714 2251 3773 et
2279 3714 2565 3789 teneant,
2615 3714 2813 3792 atque

564 3836 820 3881 amaros
867 3815 1011 3880 illos
1057 3814 1597 3899 turbulentosque
1654 3836 1950 3880 errorum
2002 3814 2238 3879 fluctus
2282 3816 2580 3899 primitus
2626 3836 2812 3881 revo-

739 4066 775 4116 4
814 4066 861 4118 1.
903 4062 1028 4118 Gor.
1069 4064 1152 4131 11,
1195 4064 1279 4119 19.
1497 4064 1530 4115 9
1570 4062 1638 4118 cf.
1676 4062 1783 4118 Mt.
1823 4065 1874 4131 3,
1917 4065 1997 4117 12.
