<?xml version="1.0" encoding="UTF-8"?>
<!DOCTYPE html PUBLIC "-//W3C//DTD XHTML 1.0 Transitional//EN"
    "http://www.w3.org/TR/xhtml1/DTD/xhtml1-transitional.dtd">
<html xmlns="http://www.w3.org/1999/xhtml" xml:lang="en" lang="en">
 <head>
  <title>
</title>
<meta http-equiv="Content-Type" content="text/html;charset=utf-8" />
  <meta name='ocr-system' content='tesseract 3.04.00' />
  <meta name='ocr-capabilities' content='ocr_page ocr_carea ocr_par ocr_line ocrx_word'/>
</head>
<body>
  <div class='ocr_page' id='page_1' title='image "./vincenzvonlerin01jlgoog_0058.png"; bbox 0 0 3092 4717; ppageno 0'>
   <div class='ocr_carea' id='block_1_1' title="bbox 545 428 1926 499">
    <p class='ocr_par' dir='ltr' id='par_1_1' title="bbox 545 428 1926 499">
     <span class='ocr_line' id='line_1_1' title="bbox 545 428 1926 499; baseline -0.012 -3"><span class='ocrx_word' id='word_1_1' title='bbox 545 434 632 496; x_wconf 85' lang='lat'>40</span> <span class='ocrx_word' id='word_1_2' title='bbox 1393 428 1566 484; x_wconf 83' lang='lat' dir='ltr'>XXV</span> <span class='ocrx_word' id='word_1_3' title='bbox 1605 428 1926 499; x_wconf 79' lang='grc'><strong>(36)-(37).</strong></span> 
     </span>
    </p>
   </div>
   <div class='ocr_carea' id='block_1_2' title="bbox 467 588 2796 3351">
    <p class='ocr_par' dir='ltr' id='par_1_2' title="bbox 467 588 2796 3351">
     <span class='ocr_line' id='line_1_2' title="bbox 543 588 2785 674; baseline -0 -16"><span class='ocrx_word' id='word_1_4' title='bbox 543 601 728 658; x_wconf 74' lang='lat' dir='ltr'>intus</span> <span class='ocrx_word' id='word_1_5' title='bbox 773 601 993 657; x_wconf 82' lang='lat' dir='ltr'>autem</span> <span class='ocrx_word' id='word_1_6' title='bbox 1040 601 1197 656; x_wconf 76' lang='lat' dir='ltr'>suni</span> <span class='ocrx_word' id='word_1_7' title='bbox 1242 594 1385 673; x_wconf 77' lang='lat' dir='ltr'>lapi</span> <span class='ocrx_word' id='word_1_8' title='bbox 1428 611 1731 672; x_wconf 72' lang='lat' dir='ltr'>rapaces.</span> <span class='ocrx_word' id='word_1_9' title='bbox 1826 588 1998 674; x_wconf 81' lang='lat' dir='ltr'>Quid</span> <span class='ocrx_word' id='word_1_10' title='bbox 2057 594 2157 654; x_wconf 93' lang='lat' dir='ltr'>est</span> <span class='ocrx_word' id='word_1_11' title='bbox 2211 599 2494 657; x_wconf 73' lang='lat' dir='ltr'>vestita-s·</span> <span class='ocrx_word' id='word_1_12' title='bbox 2543 599 2785 673; x_wconf 72' lang='lat' dir='ltr'>ovium,</span> 
     </span>
     <span class='ocr_line' id='line_1_3' title="bbox 541 696 2789 783; baseline 0.002 -20"><span class='ocrx_word' id='word_1_13' title='bbox 541 701 664 764; x_wconf 91' lang='lat' dir='ltr'>nisi</span> <span class='ocrx_word' id='word_1_14' title='bbox 730 699 1195 783; x_wconf 90' lang='lat' dir='ltr'>prophetarum</span> <span class='ocrx_word' id='word_1_15' title='bbox 1258 702 1323 763; x_wconf 94' lang='lat' dir='ltr'>et</span> <span class='ocrx_word' id='word_1_16' title='bbox 1386 696 1829 781; x_wconf 88' lang='lat' dir='ltr'>apostolorum</span> <span class='ocrx_word' id='word_1_17' title='bbox 1896 697 2270 781; x_wconf 89' lang='lat' dir='ltr'>proloquia,</span> <span class='ocrx_word' id='word_1_18' title='bbox 2350 721 2515 782; x_wconf 89' lang='lat' dir='ltr'>quae</span> <span class='ocrx_word' id='word_1_19' title='bbox 2596 700 2789 767; x_wconf 91' lang='lat' dir='ltr'>iidem</span> 
     </span>
     <span class='ocr_line' id='line_1_4' title="bbox 544 804 2796 888; baseline 0.001 -16"><span class='ocrx_word' id='word_1_20' title='bbox 544 806 691 871; x_wconf 82' lang='lat' dir='ltr'>ovili</span> <span class='ocrx_word' id='word_1_21' title='bbox 759 804 1040 888; x_wconf 88' lang='lat' dir='ltr'>quadam</span> <span class='ocrx_word' id='word_1_22' title='bbox 1107 804 1473 869; x_wconf 78' lang='lat' dir='ltr'>sinceritate</span> <span class='ocrx_word' id='word_1_23' title='bbox 1536 823 1709 886; x_wconf 69' lang='lat' dir='ltr'>aquo</span> <span class='ocrx_word' id='word_1_24' title='bbox 1773 804 1861 868; x_wconf 90' lang='lat' dir='ltr'>illi</span> <span class='ocrx_word' id='word_1_25' title='bbox 1922 810 2374 887; x_wconf 82' lang='lat' dir='ltr'>immaculato,</span> <span class='ocrx_word' id='word_1_26' title='bbox 2436 814 2549 887; x_wconf 83' lang='lat' dir='ltr'>qai</span> <span class='ocrx_word' id='word_1_27' title='bbox 2611 814 2796 875; x_wconf 82' lang='lat' dir='ltr'>tollit</span> 
     </span>
     <span class='ocr_line' id='line_1_5' title="bbox 533 912 2793 1001; baseline 0.001 -22"><span class='ocrx_word' id='word_1_28' title='bbox 533 923 881 998; x_wconf 80' lang='lat' dir='ltr'>peccatam</span> <span class='ocrx_word' id='word_1_29' title='bbox 913 918 1165 996; x_wconf 83' lang='lat' dir='ltr'>mundi,</span> <span class='ocrx_word' id='word_1_30' title='bbox 1210 919 1544 995; x_wconf 81' lang='lat' dir='ltr'><strong>tamquam</strong></span> <span class='ocrx_word' id='word_1_31' title='bbox 1575 912 1807 978; x_wconf 89' lang='lat' dir='ltr'>vellera</span> <span class='ocrx_word' id='word_1_32' title='bbox 1841 913 2158 996; x_wconf 82' lang='lat' dir='ltr'>quaedam</span> <span class='ocrx_word' id='word_1_33' title='bbox 2188 915 2586 979; x_wconf 80' lang='lat' dir='ltr'>texuerunt?</span> <span class='ocrx_word' id='word_1_34' title='bbox 2665 915 2793 1001; x_wconf 81' lang='lat' dir='ltr'>Qui</span> 
     </span>
     <span class='ocr_line' id='line_1_6' title="bbox 494 1018 2788 1104; baseline 0.001 -19"><span class='ocrx_word' id='word_1_35' title='bbox 494 1046 521 1085; x_wconf 84' lang='lat'><strong>5</strong></span> <span class='ocrx_word' id='word_1_36' title='bbox 545 1028 692 1086; x_wconf 91' lang='lat' dir='ltr'>sunt</span> <span class='ocrx_word' id='word_1_37' title='bbox 739 1027 881 1104; x_wconf 81' lang='lat' dir='ltr'>lupi</span> <span class='ocrx_word' id='word_1_38' title='bbox 924 1042 1230 1103; x_wconf 54' lang='lat' dir='ltr'>rapacem,</span> <span class='ocrx_word' id='word_1_39' title='bbox 1290 1020 1412 1085; x_wconf 91' lang='lat' dir='ltr'>nisi</span> <span class='ocrx_word' id='word_1_40' title='bbox 1474 1041 1701 1085; x_wconf 91' lang='lat' dir='ltr'>sensus</span> <span class='ocrx_word' id='word_1_41' title='bbox 1746 1019 2224 1085; x_wconf 88' lang='lat' dir='ltr'>haereticorum</span> <span class='ocrx_word' id='word_1_42' title='bbox 2269 1018 2391 1085; x_wconf 89' lang='lat' dir='ltr'>feri</span> <span class='ocrx_word' id='word_1_43' title='bbox 2447 1026 2514 1085; x_wconf 92' lang='lat' dir='ltr'>et</span> <span class='ocrx_word' id='word_1_44' title='bbox 2559 1022 2788 1104; x_wconf 87' lang='lat' dir='ltr'>rabidi,</span> 
     </span>
     <span class='ocr_line' id='line_1_7' title="bbox 544 1126 2791 1214; baseline 0.001 -22"><span class='ocrx_word' id='word_1_45' title='bbox 544 1129 654 1211; x_wconf 87' lang='lat' dir='ltr'>qui</span> <span class='ocrx_word' id='word_1_46' title='bbox 717 1128 935 1193; x_wconf 88' lang='lat' dir='ltr'>caulas</span> <span class='ocrx_word' id='word_1_47' title='bbox 1001 1127 1310 1193; x_wconf 88' lang='lat' dir='ltr'>ecclesiae</span> <span class='ocrx_word' id='word_1_48' title='bbox 1358 1148 1614 1209; x_wconf 90' lang='lat' dir='ltr'>semper</span> <span class='ocrx_word' id='word_1_49' title='bbox 1675 1126 2007 1207; x_wconf 81' lang='lat' dir='ltr'>infestant,</span> <span class='ocrx_word' id='word_1_50' title='bbox 2076 1133 2143 1192; x_wconf 93' lang='lat' dir='ltr'>et</span> <span class='ocrx_word' id='word_1_51' title='bbox 2205 1148 2468 1211; x_wconf 83' lang='lat' dir='ltr'>gregem</span> <span class='ocrx_word' id='word_1_52' title='bbox 2531 1127 2791 1214; x_wconf 81' lang='lat' dir='ltr'>Christi,</span> 
     </span>
     <span class='ocr_line' id='line_1_8' title="bbox 543 1232 2795 1321; baseline 0.001 -20"><span class='ocrx_word' id='word_1_53' title='bbox 543 1258 801 1321; x_wconf 87' lang='lat' dir='ltr'>quaqua</span> <span class='ocrx_word' id='word_1_54' title='bbox 830 1242 1122 1320; x_wconf 86' lang='lat' dir='ltr'>possunt,</span> <span class='ocrx_word' id='word_1_55' title='bbox 1188 1235 1590 1301; x_wconf 80' lang='lat' dir='ltr'>dilacerant?</span> <span class='ocrx_word' id='word_1_56' title='bbox 1672 1232 1801 1300; x_wconf 85' lang='lat' dir='ltr'>Sed</span> <span class='ocrx_word' id='word_1_57' title='bbox 1835 1241 1909 1300; x_wconf 93' lang='lat' dir='ltr'>ut</span> <span class='ocrx_word' id='word_1_58' title='bbox 1939 1235 2232 1301; x_wconf 87' lang='lat' dir='ltr'>fallacius</span> <span class='ocrx_word' id='word_1_59' title='bbox 2262 1236 2536 1301; x_wconf 87' lang='lat' dir='ltr'>incautis</span> <span class='ocrx_word' id='word_1_60' title='bbox 2571 1238 2795 1303; x_wconf 89' lang='lat' dir='ltr'>ovibus</span> 
     </span>
     <span class='ocr_line' id='line_1_9' title="bbox 542 1342 2792 1428; baseline 0 -19"><span class='ocrx_word' id='word_1_61' title='bbox 542 1345 881 1428; x_wconf 88' lang='lat' dir='ltr'>obrepant,</span> <span class='ocrx_word' id='word_1_62' title='bbox 909 1348 1211 1409; x_wconf 89' lang='lat' dir='ltr'>manente</span> <span class='ocrx_word' id='word_1_63' title='bbox 1233 1342 1537 1425; x_wconf 88' lang='lat' dir='ltr'>luporum</span> <span class='ocrx_word' id='word_1_64' title='bbox 1559 1342 1803 1408; x_wconf 87' lang='lat' dir='ltr'>ferocia</span> <span class='ocrx_word' id='word_1_65' title='bbox 1828 1343 2158 1426; x_wconf 90' lang='lat' dir='ltr'>deponunt</span> <span class='ocrx_word' id='word_1_66' title='bbox 2181 1343 2466 1426; x_wconf 89' lang='lat' dir='ltr'>lupinam</span> <span class='ocrx_word' id='word_1_67' title='bbox 2492 1345 2792 1428; x_wconf 87' lang='lat' dir='ltr'>speciem,</span> 
     </span>
     <span class='ocr_line' id='line_1_10' title="bbox 543 1448 2792 1534; baseline 0 -18"><span class='ocrx_word' id='word_1_68' title='bbox 543 1458 609 1516; x_wconf 90' lang='lat' dir='ltr'>et</span> <span class='ocrx_word' id='word_1_69' title='bbox 662 1473 803 1517; x_wconf 90' lang='lat' dir='ltr'>sese</span> <span class='ocrx_word' id='word_1_70' title='bbox 850 1451 1100 1516; x_wconf 87' lang='lat' dir='ltr'>divinae</span> <span class='ocrx_word' id='word_1_71' title='bbox 1147 1451 1342 1534; x_wconf 87' lang='lat' dir='ltr'>Legis</span> <span class='ocrx_word' id='word_1_72' title='bbox 1389 1449 1716 1514; x_wconf 87' lang='lat' dir='ltr'>sententiis</span> <span class='ocrx_word' id='word_1_73' title='bbox 1774 1448 1946 1514; x_wconf 88' lang='lat' dir='ltr'>velut</span> <span class='ocrx_word' id='word_1_74' title='bbox 2009 1449 2393 1532; x_wconf 85' lang='lat' dir='ltr'>quibusdam</span> <span class='ocrx_word' id='word_1_75' title='bbox 2446 1451 2792 1517; x_wconf 85' lang='lat' dir='ltr'>velleribus</span> 
     </span>
     <span class='ocr_line' id='line_1_11' title="bbox 469 1555 2792 1640; baseline 0.001 -18"><span class='ocrx_word' id='word_1_76' title='bbox 469 1584 523 1623; x_wconf 80' lang='grc' dir='ltr'>ιο</span> <span class='ocrx_word' id='word_1_77' title='bbox 545 1557 908 1640; x_wconf 85' lang='lat' dir='ltr'>obvolvunt,</span> <span class='ocrx_word' id='word_1_78' title='bbox 956 1565 1050 1640; x_wconf 92' lang='lat' dir='ltr'>ut,</span> <span class='ocrx_word' id='word_1_79' title='bbox 1107 1578 1255 1621; x_wconf 90' lang='lat' dir='ltr'>cum</span> <span class='ocrx_word' id='word_1_80' title='bbox 1301 1558 1573 1640; x_wconf 86' lang='lat' dir='ltr'>quisque</span> <span class='ocrx_word' id='word_1_81' title='bbox 1617 1555 1913 1620; x_wconf 91' lang='lat' dir='ltr'>lanarum</span> <span class='ocrx_word' id='word_1_82' title='bbox 1958 1556 2293 1622; x_wconf 90' lang='lat' dir='ltr'>mollitiem</span> <span class='ocrx_word' id='word_1_83' title='bbox 2338 1560 2792 1640; x_wconf 88' lang='lat' dir='ltr'>praesenserit,</span> 
     </span>
     <span class='ocr_line' id='line_1_12' title="bbox 543 1661 2794 1749; baseline 0.001 -20"><span class='ocrx_word' id='word_1_84' title='bbox 543 1687 958 1749; x_wconf 88' lang='lat' dir='ltr'>nequaquam</span> <span class='ocrx_word' id='word_1_85' title='bbox 988 1664 1247 1729; x_wconf 85' lang='lat' dir='ltr'>aculeos</span> <span class='ocrx_word' id='word_1_86' title='bbox 1296 1664 1588 1729; x_wconf 89' lang='lat' dir='ltr'>dentium</span> <span class='ocrx_word' id='word_1_87' title='bbox 1632 1662 2067 1747; x_wconf 85' lang='lat' dir='ltr'>pertimescat.</span> <span class='ocrx_word' id='word_1_88' title='bbox 2150 1661 2281 1727; x_wconf 84' lang='lat' dir='ltr'>Sed</span> <span class='ocrx_word' id='word_1_89' title='bbox 2329 1665 2487 1747; x_wconf 90' lang='lat' dir='ltr'>quid</span> <span class='ocrx_word' id='word_1_90' title='bbox 2534 1667 2627 1730; x_wconf 91' lang='lat' dir='ltr'>ait</span> <span class='ocrx_word' id='word_1_91' title='bbox 2673 1667 2794 1731; x_wconf 89' lang='lat' dir='ltr'>sal-</span> 
     </span>
     <span class='ocr_line' id='line_1_13' title="bbox 542 1771 2796 1853; baseline 0.001 -17"><span class='ocrx_word' id='word_1_92' title='bbox 542 1772 773 1838; x_wconf 83' lang='lat' dir='ltr'>vator?</span> <span class='ocrx_word' id='word_1_93' title='bbox 868 1775 977 1836; x_wconf 81' lang='lat' dir='ltr'>Ea·</span> <span class='ocrx_word' id='word_1_94' title='bbox 1013 1775 1351 1852; x_wconf 75' lang='lat' dir='ltr'>fructibus</span> <span class='ocrx_word' id='word_1_95' title='bbox 1399 1792 1629 1837; x_wconf 82' lang='lat' dir='ltr'>eoram</span> <span class='ocrx_word' id='word_1_96' title='bbox 1686 1778 2101 1853; x_wconf 61' lang='lat' dir='ltr'>eoquo-ecelis</span> <span class='ocrx_word' id='word_1_97' title='bbox 2149 1792 2289 1853; x_wconf 72' lang='lat' dir='ltr'>eos,</span> <span class='ocrx_word' id='word_1_98' title='bbox 2343 1771 2410 1835; x_wconf 91' lang='lat' dir='ltr'>id</span> <span class='ocrx_word' id='word_1_99' title='bbox 2459 1778 2588 1836; x_wconf 89' lang='lat' dir='ltr'>est:</span> <span class='ocrx_word' id='word_1_100' title='bbox 2649 1794 2796 1839; x_wconf 91' lang='lat' dir='ltr'>cum</span> 
     </span>
     <span class='ocr_line' id='line_1_14' title="bbox 543 1875 2794 1962; baseline 0 -19"><span class='ocrx_word' id='word_1_101' title='bbox 543 1878 875 1962; x_wconf 87' lang='lat' dir='ltr'>coeperint</span> <span class='ocrx_word' id='word_1_102' title='bbox 933 1878 1176 1943; x_wconf 85' lang='lat' dir='ltr'>divinas</span> <span class='ocrx_word' id='word_1_103' title='bbox 1231 1876 1372 1941; x_wconf 91' lang='lat' dir='ltr'>illas</span> <span class='ocrx_word' id='word_1_104' title='bbox 1421 1897 1610 1941; x_wconf 89' lang='lat' dir='ltr'>voces</span> <span class='ocrx_word' id='word_1_105' title='bbox 1666 1898 1798 1940; x_wconf 92' lang='lat' dir='ltr'>non</span> <span class='ocrx_word' id='word_1_106' title='bbox 1851 1877 1981 1941; x_wconf 90' lang='lat' dir='ltr'>iam</span> <span class='ocrx_word' id='word_1_107' title='bbox 2026 1875 2318 1960; x_wconf 90' lang='lat' dir='ltr'>proferre</span> <span class='ocrx_word' id='word_1_108' title='bbox 2364 1882 2620 1943; x_wconf 89' lang='lat' dir='ltr'>tantum</span> <span class='ocrx_word' id='word_1_109' title='bbox 2677 1881 2794 1945; x_wconf 90' lang='lat' dir='ltr'>sed</span> 
     </span>
     <span class='ocr_line' id='line_1_15' title="bbox 544 1984 2792 2067; baseline 0 -17"><span class='ocrx_word' id='word_1_110' title='bbox 544 1986 740 2051; x_wconf 90' lang='lat' dir='ltr'>etiam</span> <span class='ocrx_word' id='word_1_111' title='bbox 805 2005 1157 2067; x_wconf 84' lang='lat' dir='ltr'>exponere,</span> <span class='ocrx_word' id='word_1_112' title='bbox 1216 2005 1335 2050; x_wconf 87' lang='lat' dir='ltr'>nec</span> <span class='ocrx_word' id='word_1_113' title='bbox 1389 1984 1602 2049; x_wconf 90' lang='lat' dir='ltr'>adhuc</span> <span class='ocrx_word' id='word_1_114' title='bbox 1647 1984 1889 2049; x_wconf 86' lang='lat' dir='ltr'>iactare</span> <span class='ocrx_word' id='word_1_115' title='bbox 1937 1985 2152 2050; x_wconf 90' lang='lat' dir='ltr'>solum</span> <span class='ocrx_word' id='word_1_116' title='bbox 2197 1985 2310 2051; x_wconf 90' lang='lat' dir='ltr'>sed</span> <span class='ocrx_word' id='word_1_117' title='bbox 2357 1987 2556 2050; x_wconf 91' lang='lat' dir='ltr'>etiam</span> <span class='ocrx_word' id='word_1_118' title='bbox 2599 1988 2792 2054; x_wconf 88' lang='lat' dir='ltr'>inter-</span> 
     </span>
     <span class='ocr_line' id='line_1_16' title="bbox 472 2091 2791 2177; baseline 0 -20"><span class='ocrx_word' id='word_1_119' title='bbox 472 2117 524 2157; x_wconf 86' lang='lat'>15</span> <span class='ocrx_word' id='word_1_120' title='bbox 544 2094 788 2177; x_wconf 89' lang='lat' dir='ltr'>pretari</span> <span class='ocrx_word' id='word_1_121' title='bbox 808 2144 824 2176; x_wconf 87' lang='lat'>,</span> <span class='ocrx_word' id='word_1_122' title='bbox 887 2099 1043 2158; x_wconf 91' lang='lat' dir='ltr'>tunc</span> <span class='ocrx_word' id='word_1_123' title='bbox 1089 2091 1453 2158; x_wconf 87' lang='lat' dir='ltr'>amaritudo</span> <span class='ocrx_word' id='word_1_124' title='bbox 1515 2091 1658 2174; x_wconf 91' lang='lat' dir='ltr'>illa,</span> <span class='ocrx_word' id='word_1_125' title='bbox 1718 2098 1876 2156; x_wconf 91' lang='lat' dir='ltr'>tunc</span> <span class='ocrx_word' id='word_1_126' title='bbox 1938 2093 2294 2176; x_wconf 78' lang='lat' dir='ltr'>acerbitaS,</span> <span class='ocrx_word' id='word_1_127' title='bbox 2361 2102 2517 2158; x_wconf 99' lang='grc' dir='ltr'>ωηο</span> <span class='ocrx_word' id='word_1_128' title='bbox 2580 2094 2791 2159; x_wconf 87' lang='lat' dir='ltr'>rabies</span> 
     </span>
     <span class='ocr_line' id='line_1_17' title="bbox 542 2199 2791 2284; baseline 0 -19"><span class='ocrx_word' id='word_1_129' title='bbox 542 2202 954 2284; x_wconf 89' lang='lat' dir='ltr'>intelligetur,</span> <span class='ocrx_word' id='word_1_130' title='bbox 1000 2206 1157 2265; x_wconf 91' lang='lat' dir='ltr'>tunc</span> <span class='ocrx_word' id='word_1_131' title='bbox 1204 2200 1517 2266; x_wconf 88' lang='lat' dir='ltr'>novitium</span> <span class='ocrx_word' id='word_1_132' title='bbox 1558 2200 1728 2264; x_wconf 85' lang='lat' dir='ltr'>virus</span> <span class='ocrx_word' id='word_1_133' title='bbox 1778 2199 2203 2283; x_wconf 86' lang='lat' dir='ltr'>exhalabitur,</span> <span class='ocrx_word' id='word_1_134' title='bbox 2251 2207 2410 2264; x_wconf 92' lang='grc' dir='ltr'>ωηο</span> <span class='ocrx_word' id='word_1_135' title='bbox 2451 2205 2791 2282; x_wconf 77' lang='lat' dir='ltr'>profanae</span> 
     </span>
     <span class='ocr_line' id='line_1_18' title="bbox 543 2306 2792 2390; baseline -0.002 -17"><span class='ocrx_word' id='word_1_136' title='bbox 543 2317 874 2374; x_wconf 70' lang='lat' dir='ltr'>novitates</span> <span class='ocrx_word' id='word_1_137' title='bbox 906 2308 1292 2390; x_wconf 89' lang='lat' dir='ltr'>aperientur,</span> <span class='ocrx_word' id='word_1_138' title='bbox 1341 2312 1498 2369; x_wconf 91' lang='lat' dir='ltr'>tunc</span> <span class='ocrx_word' id='word_1_139' title='bbox 1529 2306 1807 2386; x_wconf 90' lang='lat' dir='ltr'>primum</span> <span class='ocrx_word' id='word_1_140' title='bbox 1843 2311 2060 2370; x_wconf 75' lang='lat' dir='ltr'>scindi</span> <span class='ocrx_word' id='word_1_141' title='bbox 2089 2327 2314 2387; x_wconf 76' lang='lat' dir='ltr'>sepem</span> <span class='ocrx_word' id='word_1_142' title='bbox 2350 2307 2584 2387; x_wconf 87' lang='lat' dir='ltr'>videas,</span> <span class='ocrx_word' id='word_1_143' title='bbox 2634 2311 2792 2369; x_wconf 91' lang='lat' dir='ltr'>tunc</span> 
     </span>
     <span class='ocr_line' id='line_1_19' title="bbox 545 2411 2788 2495; baseline -0.001 -15"><span class='ocrx_word' id='word_1_144' title='bbox 545 2420 912 2494; x_wconf 69' lang='lat' dir='ltr'>transferri</span> <span class='ocrx_word' id='word_1_145' title='bbox 960 2423 1237 2494; x_wconf 82' lang='lat' dir='ltr'>patrum</span> <span class='ocrx_word' id='word_1_146' title='bbox 1302 2417 1649 2492; x_wconf 63' lang='lat' dir='ltr'>termium,</span> <span class='ocrx_word' id='word_1_147' title='bbox 1710 2417 1865 2475; x_wconf 90' lang='lat' dir='ltr'>tunc</span> <span class='ocrx_word' id='word_1_148' title='bbox 1912 2411 2301 2476; x_wconf 91' lang='lat' dir='ltr'>catholicam</span> <span class='ocrx_word' id='word_1_149' title='bbox 2345 2411 2537 2477; x_wconf 88' lang='lat' dir='ltr'>fidem</span> <span class='ocrx_word' id='word_1_150' title='bbox 2586 2412 2788 2495; x_wconf 89' lang='lat' dir='ltr'>caedi,</span> 
     </span>
     <span class='ocr_line' id='line_1_20' title="bbox 540 2516 2791 2601; baseline -0 -16"><span class='ocrx_word' id='word_1_151' title='bbox 540 2527 700 2585; x_wconf 89' lang='grc' dir='ltr'>ωηο</span> <span class='ocrx_word' id='word_1_152' title='bbox 734 2518 1235 2585; x_wconf 88' lang='lat' dir='ltr'>ecclesiasticum</span> <span class='ocrx_word' id='word_1_153' title='bbox 1266 2517 1501 2600; x_wconf 88' lang='lat' dir='ltr'>dogma</span> <span class='ocrx_word' id='word_1_154' title='bbox 1531 2517 1823 2584; x_wconf 87' lang='lat' dir='ltr'>lacerari.</span> <span class='ocrx_word' id='word_1_155' title='bbox 1890 2518 2029 2601; x_wconf 88' lang='lat'><strong>(37)</strong></span> <span class='ocrx_word' id='word_1_156' title='bbox 2063 2516 2253 2582; x_wconf 81' lang='lat' dir='ltr'>Tales</span> <span class='ocrx_word' id='word_1_157' title='bbox 2288 2524 2473 2583; x_wconf 90' lang='lat' dir='ltr'>erant</span> <span class='ocrx_word' id='word_1_158' title='bbox 2506 2519 2590 2601; x_wconf 88' lang='lat' dir='ltr'>hi,</span> <span class='ocrx_word' id='word_1_159' title='bbox 2626 2541 2791 2601; x_wconf 85' lang='lat' dir='ltr'>quos</span> 
     </span>
     <span class='ocr_line' id='line_1_21' title="bbox 470 2622 2789 2710; baseline 0 -19"><span class='ocrx_word' id='word_1_160' title='bbox 470 2652 524 2691; x_wconf 78' lang='lat'>20</span> <span class='ocrx_word' id='word_1_161' title='bbox 542 2628 823 2710; x_wconf 86' lang='lat' dir='ltr'>percutit</span> <span class='ocrx_word' id='word_1_162' title='bbox 847 2625 1184 2708; x_wconf 89' lang='lat' dir='ltr'>apostolus</span> <span class='ocrx_word' id='word_1_163' title='bbox 1195 2623 1438 2689; x_wconf 90' lang='lat' dir='ltr'>Paulus</span> <span class='ocrx_word' id='word_1_164' title='bbox 1460 2624 1527 2687; x_wconf 91' lang='lat' dir='ltr'>in</span> <span class='ocrx_word' id='word_1_165' title='bbox 1553 2624 1836 2688; x_wconf 89' lang='lat' dir='ltr'>secunda</span> <span class='ocrx_word' id='word_1_166' title='bbox 1850 2624 1936 2688; x_wconf 87' lang='lat' dir='ltr'>ad</span> <span class='ocrx_word' id='word_1_167' title='bbox 1946 2622 2318 2689; x_wconf 84' lang='lat' dir='ltr'>Corinthios</span> <span class='ocrx_word' id='word_1_168' title='bbox 2344 2624 2590 2689; x_wconf 90' lang='lat' dir='ltr'>dicens:</span> <span class='ocrx_word' id='word_1_169' title='bbox 2619 2631 2789 2692; x_wconf 84' lang='lat' dir='ltr'>Nam</span> 
     </span>
     <span class='ocr_line' id='line_1_22' title="bbox 544 2732 2792 2816; baseline -0 -17"><span class='ocrx_word' id='word_1_170' title='bbox 544 2737 897 2816; x_wconf 69' lang='lat' dir='ltr'>eiusmodi,</span> <span class='ocrx_word' id='word_1_171' title='bbox 954 2732 1184 2816; x_wconf 90' lang='lat' dir='ltr'>inquit,</span> <span class='ocrx_word' id='word_1_172' title='bbox 1239 2735 1819 2815; x_wconf 70' lang='lat' dir='ltr'>pseudoapostoli,</span> <span class='ocrx_word' id='word_1_173' title='bbox 1883 2738 2181 2814; x_wconf 81' lang='lat' dir='ltr'>operarii</span> <span class='ocrx_word' id='word_1_174' title='bbox 2234 2735 2524 2815; x_wconf 75' lang='lat' dir='ltr'>subdoli,</span> <span class='ocrx_word' id='word_1_175' title='bbox 2571 2742 2792 2799; x_wconf 69' lang='lat' dir='ltr'>tran-s·-</span> 
     </span>
     <span class='ocr_line' id='line_1_23' title="bbox 532 2835 2792 2923; baseline -0 -17"><span class='ocrx_word' id='word_1_176' title='bbox 532 2846 904 2923; x_wconf 72' lang='lat' dir='ltr'>fiyarantes</span> <span class='ocrx_word' id='word_1_177' title='bbox 933 2860 1008 2904; x_wconf 76' lang='lat' dir='ltr'>se</span> <span class='ocrx_word' id='word_1_178' title='bbox 1039 2847 1109 2903; x_wconf 85' lang='lat' dir='ltr'>in</span> <span class='ocrx_word' id='word_1_179' title='bbox 1142 2844 1484 2922; x_wconf 70' lang='lat' dir='ltr'>apostolos</span> <span class='ocrx_word' id='word_1_180' title='bbox 1524 2841 1793 2905; x_wconf 73' lang='lat' dir='ltr'>Christi.</span> <span class='ocrx_word' id='word_1_181' title='bbox 1853 2835 2025 2920; x_wconf 79' lang='lat' dir='ltr'>Quid</span> <span class='ocrx_word' id='word_1_182' title='bbox 2060 2844 2190 2903; x_wconf 90' lang='lat' dir='ltr'>est:</span> <span class='ocrx_word' id='word_1_183' title='bbox 2228 2843 2792 2920; x_wconf 62' lang='lat' dir='ltr'>transfigurante-s·</span> 
     </span>
     <span class='ocr_line' id='line_1_24' title="bbox 541 2943 2790 3031; baseline -0 -19"><span class='ocrx_word' id='word_1_184' title='bbox 541 2970 617 3013; x_wconf 76' lang='lat' dir='ltr'>se</span> <span class='ocrx_word' id='word_1_185' title='bbox 656 2955 727 3012; x_wconf 81' lang='lat' dir='ltr'>in</span> <span class='ocrx_word' id='word_1_186' title='bbox 768 2951 1109 3030; x_wconf 73' lang='lat' dir='ltr'>apostolo-s·</span> <span class='ocrx_word' id='word_1_187' title='bbox 1152 2947 1445 3012; x_wconf 72' lang='lat' dir='ltr'>Christi?</span> <span class='ocrx_word' id='word_1_188' title='bbox 1517 2943 1952 3010; x_wconf 87' lang='lat' dir='ltr'>Proferebant</span> <span class='ocrx_word' id='word_1_189' title='bbox 1997 2945 2279 3028; x_wconf 92' lang='lat' dir='ltr'>apostoli</span> <span class='ocrx_word' id='word_1_190' title='bbox 2312 2945 2562 3010; x_wconf 82' lang='lat' dir='ltr'>divinae</span> <span class='ocrx_word' id='word_1_191' title='bbox 2595 2945 2790 3031; x_wconf 86' lang='lat' dir='ltr'>Legis</span> 
     </span>
     <span class='ocr_line' id='line_1_25' title="bbox 542 3051 2794 3137; baseline 0 -18"><span class='ocrx_word' id='word_1_192' title='bbox 542 3054 857 3137; x_wconf 84' lang='lat' dir='ltr'>exempla:</span> <span class='ocrx_word' id='word_1_193' title='bbox 892 3052 1310 3137; x_wconf 86' lang='lat' dir='ltr'>proferebant</span> <span class='ocrx_word' id='word_1_194' title='bbox 1335 3058 1401 3117; x_wconf 93' lang='lat' dir='ltr'>et</span> <span class='ocrx_word' id='word_1_195' title='bbox 1431 3052 1539 3119; x_wconf 88' lang='lat' dir='ltr'>illi.</span> <span class='ocrx_word' id='word_1_196' title='bbox 1605 3051 2036 3117; x_wconf 86' lang='lat' dir='ltr'>Proferebant</span> <span class='ocrx_word' id='word_1_197' title='bbox 2067 3053 2347 3135; x_wconf 87' lang='lat' dir='ltr'>apostoli</span> <span class='ocrx_word' id='word_1_198' title='bbox 2379 3053 2794 3119; x_wconf 90' lang='lat' dir='ltr'>Psalmorum</span> 
     </span>
     <span class='ocr_line' id='line_1_26' title="bbox 467 3158 2790 3243; baseline 0.001 -20"><span class='ocrx_word' id='word_1_199' title='bbox 467 3182 522 3223; x_wconf 81' lang='lat'>25</span> <span class='ocrx_word' id='word_1_200' title='bbox 542 3162 996 3227; x_wconf 87' lang='lat' dir='ltr'>auctoritates:</span> <span class='ocrx_word' id='word_1_201' title='bbox 1054 3158 1469 3243; x_wconf 87' lang='lat' dir='ltr'>proferebant</span> <span class='ocrx_word' id='word_1_202' title='bbox 1516 3163 1583 3223; x_wconf 90' lang='lat' dir='ltr'>et</span> <span class='ocrx_word' id='word_1_203' title='bbox 1628 3159 1740 3223; x_wconf 86' lang='lat' dir='ltr'>illi.</span> <span class='ocrx_word' id='word_1_204' title='bbox 1833 3158 2263 3225; x_wconf 88' lang='lat' dir='ltr'>Proferebant</span> <span class='ocrx_word' id='word_1_205' title='bbox 2319 3159 2603 3243; x_wconf 91' lang='lat' dir='ltr'>apostoli</span> <span class='ocrx_word' id='word_1_206' title='bbox 2649 3181 2790 3225; x_wconf 90' lang='lat' dir='ltr'>sen-</span> 
     </span>
     <span class='ocr_line' id='line_1_27' title="bbox 541 3264 2793 3351; baseline 0 -19"><span class='ocrx_word' id='word_1_207' title='bbox 541 3269 780 3333; x_wconf 88' lang='lat' dir='ltr'>tentias</span> <span class='ocrx_word' id='word_1_208' title='bbox 827 3268 1336 3351; x_wconf 87' lang='lat' dir='ltr'>Prophetarum:</span> <span class='ocrx_word' id='word_1_209' title='bbox 1397 3272 1464 3332; x_wconf 92' lang='lat' dir='ltr'>et</span> <span class='ocrx_word' id='word_1_210' title='bbox 1510 3266 1602 3330; x_wconf 90' lang='lat' dir='ltr'>illi</span> <span class='ocrx_word' id='word_1_211' title='bbox 1655 3265 2066 3331; x_wconf 89' lang='lat' dir='ltr'>nihilominus</span> <span class='ocrx_word' id='word_1_212' title='bbox 2121 3264 2561 3349; x_wconf 85' lang='lat' dir='ltr'>proferebant.</span> <span class='ocrx_word' id='word_1_213' title='bbox 2660 3265 2793 3332; x_wconf 84' lang='lat' dir='ltr'>Sed</span> 
     </span>
    </p>
   </div>
   <div class='ocr_carea' id='block_1_3' title="bbox 543 3360 2877 3458">
    <p class='ocr_par' dir='ltr' id='par_1_3' title="bbox 543 3360 2877 3458">
     <span class='ocr_line' id='line_1_28' title="bbox 543 3360 2877 3458; baseline 0 -19"><span class='ocrx_word' id='word_1_214' title='bbox 543 3396 691 3440; x_wconf 91' lang='lat' dir='ltr'>cum</span> <span class='ocrx_word' id='word_1_215' title='bbox 723 3396 818 3456; x_wconf 90' lang='lat' dir='ltr'>ea,</span> <span class='ocrx_word' id='word_1_216' title='bbox 869 3397 1036 3458; x_wconf 89' lang='lat' dir='ltr'>quae</span> <span class='ocrx_word' id='word_1_217' title='bbox 1069 3374 1359 3439; x_wconf 85' lang='lat' dir='ltr'>similiter</span> <span class='ocrx_word' id='word_1_218' title='bbox 1405 3372 1831 3457; x_wconf 88' lang='lat' dir='ltr'>protulerant,</span> <span class='ocrx_word' id='word_1_219' title='bbox 1879 3374 2292 3455; x_wconf 89' lang='lat' dir='ltr'>interpretari</span> <span class='ocrx_word' id='word_1_220' title='bbox 2338 3394 2471 3436; x_wconf 91' lang='lat' dir='ltr'>non</span> <span class='ocrx_word' id='word_1_221' title='bbox 2503 3374 2796 3439; x_wconf 88' lang='lat' dir='ltr'>similiter</span> <span class='ocrx_word' id='word_1_222' title='bbox 2871 3360 2877 3368; x_wconf 46' lang='lat'><strong><em>¹</em></strong></span> 
     </span>
    </p>
   </div>
   <div class='ocr_carea' id='block_1_4' title="bbox 469 3479 2792 3779">
    <p class='ocr_par' dir='ltr' id='par_1_4' title="bbox 469 3479 2792 3779">
     <span class='ocr_line' id='line_1_29' title="bbox 544 3479 2789 3565; baseline -0.001 -18"><span class='ocrx_word' id='word_1_223' title='bbox 544 3482 932 3565; x_wconf 89' lang='lat' dir='ltr'>coepissent,</span> <span class='ocrx_word' id='word_1_224' title='bbox 980 3487 1136 3546; x_wconf 91' lang='grc' dir='ltr'>ωηο</span> <span class='ocrx_word' id='word_1_225' title='bbox 1184 3481 1503 3565; x_wconf 89' lang='lat' dir='ltr'>simplices</span> <span class='ocrx_word' id='word_1_226' title='bbox 1541 3503 1583 3545; x_wconf 90' lang='lat' dir='ltr'>a</span> <span class='ocrx_word' id='word_1_227' title='bbox 1614 3480 1922 3562; x_wconf 89' lang='lat' dir='ltr'>subdolis,</span> <span class='ocrx_word' id='word_1_228' title='bbox 1973 3486 2129 3544; x_wconf 92' lang='grc' dir='ltr'>ωηο</span> <span class='ocrx_word' id='word_1_229' title='bbox 2159 3479 2430 3544; x_wconf 83' lang='lat' dir='ltr'>infucati</span> <span class='ocrx_word' id='word_1_230' title='bbox 2461 3502 2503 3544; x_wconf 89' lang='lat' dir='ltr'>a</span> <span class='ocrx_word' id='word_1_231' title='bbox 2533 3479 2789 3563; x_wconf 79' lang='lat' dir='ltr'>fucatiS,</span> 
     </span>
     <span class='ocr_line' id='line_1_30' title="bbox 545 3586 2792 3671; baseline -0.001 -18"><span class='ocrx_word' id='word_1_232' title='bbox 545 3595 700 3653; x_wconf 90' lang='lat' dir='ltr'>tunc</span> <span class='ocrx_word' id='word_1_233' title='bbox 746 3589 908 3654; x_wconf 91' lang='lat' dir='ltr'>recti</span> <span class='ocrx_word' id='word_1_234' title='bbox 955 3610 995 3653; x_wconf 91' lang='lat' dir='ltr'>a</span> <span class='ocrx_word' id='word_1_235' title='bbox 1040 3590 1377 3671; x_wconf 78' lang='lat' dir='ltr'>perversiS,</span> <span class='ocrx_word' id='word_1_236' title='bbox 1435 3595 1593 3652; x_wconf 91' lang='grc' dir='ltr'>ωηο</span> <span class='ocrx_word' id='word_1_237' title='bbox 1639 3593 1968 3671; x_wconf 90' lang='lat' dir='ltr'>postremo</span> <span class='ocrx_word' id='word_1_238' title='bbox 2018 3586 2150 3651; x_wconf 85' lang='lat' dir='ltr'>veri</span> <span class='ocrx_word' id='word_1_239' title='bbox 2196 3586 2479 3669; x_wconf 91' lang='lat' dir='ltr'>apostoli</span> <span class='ocrx_word' id='word_1_240' title='bbox 2526 3610 2566 3652; x_wconf 92' lang='lat' dir='ltr'>a</span> <span class='ocrx_word' id='word_1_241' title='bbox 2610 3587 2792 3652; x_wconf 86' lang='lat' dir='ltr'>falsis</span> 
     </span>
     <span class='ocr_line' id='line_1_31' title="bbox 469 3693 2789 3779; baseline 0.001 -22"><span class='ocrx_word' id='word_1_242' title='bbox 469 3696 857 3779; x_wconf 74' lang='lat' dir='ltr'>aoapostolis</span> <span class='ocrx_word' id='word_1_243' title='bbox 904 3695 1458 3762; x_wconf 88' lang='lat' dir='ltr'>discernebantur.</span> <span class='ocrx_word' id='word_1_244' title='bbox 1556 3698 1644 3759; x_wconf 79' lang='lat' dir='ltr'>Ec</span> <span class='ocrx_word' id='word_1_245' title='bbox 1673 3715 1806 3760; x_wconf 81' lang='lat' dir='ltr'>non</span> <span class='ocrx_word' id='word_1_246' title='bbox 1837 3701 2106 3774; x_wconf 84' lang='lat' dir='ltr'>mirum,</span> <span class='ocrx_word' id='word_1_247' title='bbox 2154 3693 2385 3776; x_wconf 88' lang='lat' dir='ltr'>inquit,</span> <span class='ocrx_word' id='word_1_248' title='bbox 2434 3701 2582 3776; x_wconf 73' lang='lat' dir='ltr'>ipse</span> <span class='ocrx_word' id='word_1_249' title='bbox 2614 3702 2789 3760; x_wconf 81' lang='lat' dir='ltr'>enim</span> 
     </span>
    </p>
   </div>
   <div class='ocr_carea' id='block_1_5' title="bbox 547 3816 967 3824">
    <p class='ocr_par' dir='ltr' id='par_1_5' title="bbox 547 3816 967 3824">
     <span class='ocr_line' id='line_1_32' title="bbox 547 3816 967 3824; baseline 0 893"><span class='ocrx_word' id='word_1_250' title='bbox 547 3816 967 3824; x_wconf 95' lang='lat' dir='ltr'> </span> 
     </span>
    </p>
   </div>
   <div class='ocr_carea' id='block_1_6' title="bbox 543 3852 2792 4102">
    <p class='ocr_par' dir='ltr' id='par_1_6' title="bbox 543 3852 2792 4102">
     <span class='ocr_line' id='line_1_33' title="bbox 722 3852 2791 3923; baseline 0 -13"><span class='ocrx_word' id='word_1_251' title='bbox 722 3859 755 3910; x_wconf 91' lang='lat'><strong>3</strong></span> <span class='ocrx_word' id='word_1_252' title='bbox 796 3859 844 3911; x_wconf 91' lang='lat'>1.</span> <span class='ocrx_word' id='word_1_253' title='bbox 868 3857 960 3911; x_wconf 90' lang='lat' dir='ltr'>Pt.</span> <span class='ocrx_word' id='word_1_254' title='bbox 1002 3859 1049 3923; x_wconf 89' lang='lat'>1,</span> <span class='ocrx_word' id='word_1_255' title='bbox 1092 3857 1175 3909; x_wconf 88' lang='lat'>19.</span> <span class='ocrx_word' id='word_1_256' title='bbox 1320 3858 1354 3909; x_wconf 87' lang='lat'><strong>3</strong></span> <span class='ocrx_word' id='word_1_257' title='bbox 1379 3855 1513 3911; x_wconf 85' lang='lat' dir='ltr'>Joh.</span> <span class='ocrx_word' id='word_1_258' title='bbox 1556 3857 1605 3923; x_wconf 92' lang='lat'>1,</span> <span class='ocrx_word' id='word_1_259' title='bbox 1643 3857 1731 3909; x_wconf 90' lang='grc'>29.</span> <span class='ocrx_word' id='word_1_260' title='bbox 1876 3858 1909 3907; x_wconf 90' lang='grc'>6</span> <span class='ocrx_word' id='word_1_261' title='bbox 1936 3853 2004 3909; x_wconf 90' lang='lat' dir='ltr'>cf.</span> <span class='ocrx_word' id='word_1_262' title='bbox 2044 3853 2179 3908; x_wconf 86' lang='lat' dir='ltr'>Joh.</span> <span class='ocrx_word' id='word_1_263' title='bbox 2221 3854 2306 3921; x_wconf 92' lang='lat'>10,</span> <span class='ocrx_word' id='word_1_264' title='bbox 2347 3855 2431 3908; x_wconf 83' lang='lat'>12.</span> <span class='ocrx_word' id='word_1_265' title='bbox 2581 3855 2648 3907; x_wconf 82' lang='lat'>12</span> <span class='ocrx_word' id='word_1_266' title='bbox 2682 3852 2791 3911; x_wconf 89' lang='lat' dir='ltr'>Mt.</span> 
     </span>
     <span class='ocr_line' id='line_1_34' title="bbox 543 3940 2792 4012; baseline -0.001 -12"><span class='ocrx_word' id='word_1_267' title='bbox 543 3950 595 4012; x_wconf 86' lang='lat'>7,</span> <span class='ocrx_word' id='word_1_268' title='bbox 637 3948 720 4000; x_wconf 84' lang='lat'>16.</span> <span class='ocrx_word' id='word_1_269' title='bbox 977 3947 1043 4000; x_wconf 91' lang='grc'>16</span> <span class='ocrx_word' id='word_1_270' title='bbox 1085 3948 1133 3999; x_wconf 93' lang='grc'>1.</span> <span class='ocrx_word' id='word_1_271' title='bbox 1172 3946 1311 3999; x_wconf 87' lang='lat' dir='ltr'>Tim.</span> <span class='ocrx_word' id='word_1_272' title='bbox 1350 3947 1402 4012; x_wconf 88' lang='lat'>6,</span> <span class='ocrx_word' id='word_1_273' title='bbox 1440 3947 1526 3999; x_wconf 93' lang='grc'>20.</span> <span class='ocrx_word' id='word_1_274' title='bbox 1785 3946 1850 3998; x_wconf 94' lang='grc'>17</span> <span class='ocrx_word' id='word_1_275' title='bbox 1888 3943 2042 3998; x_wconf 86' lang='lat' dir='ltr'>Eccl.</span> <span class='ocrx_word' id='word_1_276' title='bbox 2085 3945 2170 4011; x_wconf 87' lang='grc'>10,</span> <span class='ocrx_word' id='word_1_277' title='bbox 2207 3945 2260 3996; x_wconf 87' lang='grc'>8.</span> <span class='ocrx_word' id='word_1_278' title='bbox 2521 3942 2587 3995; x_wconf 88' lang='grc'>18</span> <span class='ocrx_word' id='word_1_279' title='bbox 2625 3940 2792 3997; x_wconf 80' lang='lat' dir='ltr'>Prov.</span> 
     </span>
     <span class='ocr_line' id='line_1_35' title="bbox 543 4032 2451 4102; baseline -0.003 -12"><span class='ocrx_word' id='word_1_280' title='bbox 543 4038 630 4101; x_wconf 86' lang='grc'>22,</span> <span class='ocrx_word' id='word_1_281' title='bbox 670 4038 757 4089; x_wconf 88' lang='grc'>28.</span> <span class='ocrx_word' id='word_1_282' title='bbox 974 4038 1044 4090; x_wconf 91' lang='grc'>20</span> <span class='ocrx_word' id='word_1_283' title='bbox 1082 4038 1134 4090; x_wconf 93' lang='grc'>2.</span> <span class='ocrx_word' id='word_1_284' title='bbox 1173 4034 1298 4089; x_wconf 84' lang='lat' dir='ltr'>Cor.</span> <span class='ocrx_word' id='word_1_285' title='bbox 1341 4036 1423 4102; x_wconf 90' lang='lat'>11,</span> <span class='ocrx_word' id='word_1_286' title='bbox 1466 4036 1550 4088; x_wconf 89' lang='lat'>13.</span> <span class='ocrx_word' id='word_1_287' title='bbox 1599 4087 1604 4093; x_wconf 84' lang='grc'><strong><em>,</em></strong></span> <span class='ocrx_word' id='word_1_288' title='bbox 1751 4036 1822 4088; x_wconf 85' lang='grc'>30</span> <span class='ocrx_word' id='word_1_289' title='bbox 1858 4036 1907 4088; x_wconf 92' lang='grc'>2.</span> <span class='ocrx_word' id='word_1_290' title='bbox 1948 4032 2074 4088; x_wconf 87' lang='lat' dir='ltr'>Cor.</span> <span class='ocrx_word' id='word_1_291' title='bbox 2117 4033 2201 4101; x_wconf 92' lang='lat'>11,</span> <span class='ocrx_word' id='word_1_292' title='bbox 2243 4033 2327 4088; x_wconf 89' lang='lat'>14.</span> <span class='ocrx_word' id='word_1_293' title='bbox 2368 4033 2451 4085; x_wconf 85' lang='lat'>15.</span> 
     </span>
    </p>
   </div>
  </div>
 </body>
</html>
