3092 4717
1085 464 1208 519 ΧΠ
1244 463 1586 534 (17)—X111
1623 463 1758 534 (19).
2471 469 2552 529 19

297 626 675 692 convenisse
721 646 1058 708 personas,
1105 632 1177 690 ut
1224 631 1442 691 tamen
1489 631 1843 708 conceptus
1884 646 1998 689 seu
2029 630 2254 709 partus
2287 625 2555 709 virginei

295 739 594 816 tempore
644 738 711 796 et
757 731 1084 815 aliquanto
1131 737 1366 816 postea
1397 732 1560 797 duos
1592 730 1888 798 Christos
1934 732 2130 797 fuisse
2179 732 2555 815 contendat,

297 846 395 921 ut,
444 861 591 904 cum
639 838 881 904 scilicet
913 837 1208 905 Christus
1255 839 1450 905 homo
1498 839 1856 903 communis
1901 840 2180 922 primum
2225 845 2292 904 et
2339 839 2556 904 solita-

293 950 433 1014 rius
480 952 672 1012 natus
720 948 823 1030 sit,
874 953 941 1013 et
985 948 1260 1013 necdum
1308 948 1413 1013 dei
1460 947 1656 1012 verbo
1688 968 2008 1029 personae
2054 946 2305 1011 unitate
2352 947 2555 1011 socia-

293 1062 424 1138 tuS,
471 1059 705 1137 postea
747 1054 814 1118 in
841 1075 982 1119 eum
1016 1054 1411 1119 adsumentis
1451 1053 1630 1118 verbi
1674 1074 1958 1138 persona
2006 1054 2432 1134 descenderit,
2469 1057 2552 1134 et,
2575 1076 2601 1115 5

294 1162 453 1227 licet
499 1182 668 1225 nunc
735 1161 803 1225 in
859 1160 962 1225 dei
1018 1160 1224 1242 gloria
1278 1166 1538 1226 maneat
1584 1161 1995 1244 adsumptus,
2046 1161 2417 1244 aliquandiu
2461 1166 2556 1225 ta-

294 1290 446 1334 men
493 1268 652 1332 nihil
694 1268 868 1333 inter
911 1268 1089 1333 illum
1139 1274 1205 1333 et
1242 1273 1494 1333 ceteros
1524 1268 1817 1334 homines
1847 1267 2210 1334 interfuisse
2241 1269 2553 1334 videatur.

477 1373 668 1440 XIII
714 1375 859 1461 (18)
908 1376 1094 1442 Haec
1144 1397 1297 1459 ergo
1344 1374 1720 1457 Nestorius,
1774 1375 2188 1459 Apollinaris,
2235 1376 2556 1441 Photinus

296 1484 608 1549 adversus
656 1483 1040 1547 catholicam
1085 1482 1280 1549 fidem
1310 1483 1521 1548 rabidi
1553 1505 1745 1549 canes
1777 1484 2042 1567 latrant,
2089 1484 2411 1549 Photinus
2441 1485 2557 1548 tri-

295 1592 571 1656 nitatem
618 1612 751 1655 non
799 1589 1203 1671 confitendo,
1264 1589 1665 1674 Apollinaris
1713 1591 2195 1656 convertibilem
2239 1591 2419 1655 verbi
2465 1592 2556 1656 di·
2577 1615 2628 1654 ιο

297 1698 504 1764 cendo
537 1704 863 1778 naturam,
887 1702 952 1762 et
985 1697 1144 1761 duas
1175 1698 1242 1761 in
1274 1696 1535 1763 Christo
1571 1698 1966 1763 substantias
1997 1720 2128 1763 non
2160 1697 2553 1780 confitendo,

298 1811 365 1870 et
411 1810 529 1869 aut
574 1810 780 1869 totam
815 1802 1059 1868 Christi
1105 1805 1382 1869 animam
1429 1810 1543 1870 aut
1591 1811 1766 1870 certe
1807 1811 2090 1870 mentem
2128 1811 2326 1889 atque
2356 1806 2556 1871 ratio-

298 1934 449 1977 nem
514 1913 583 1976 in
654 1912 868 1977 anima
941 1911 1339 1994 denegandO,
1392 1918 1458 1977 et
1505 1912 1863 1978 adserendo
1911 1934 2032 1996 pro
2083 1901 2275 1978 sensu
2320 1914 2554 1978 mentis

306 2018 500 2084 fuisse
546 2019 649 2083 dei
695 2018 976 2099 verbum,
1028 2018 1373 2083 Nestorius
1424 2019 1587 2083 duos
1629 2016 1923 2084 Christos
1971 2025 2085 2084 aut
2116 2041 2369 2103 semper
2414 2041 2557 2085 esse

308 2130 425 2189 aut
491 2125 857 2208 aliquandiu
926 2125 1125 2191 fuisse
1195 2124 1655 2191 adseverando,
1749 2125 2048 2191 Ecclesia
2115 2147 2265 2191 vero
2332 2127 2553 2191 catho-
2591 2150 2644 2191 15

306 2231 432 2296 lica
478 2237 542 2295 et
585 2232 664 2297 de
712 2232 834 2298 deo
884 2237 951 2296 et
998 2232 1077 2296 de
1125 2231 1450 2297 salvatore
1496 2238 1722 2297 nostro
1768 2239 1950 2298 recta
1995 2233 2277 2298 sentiens
2324 2254 2443 2298 nec
2489 2234 2555 2296 in

297 2338 611 2403 trinitatis
656 2339 958 2423 mysterio
1022 2360 1143 2404 nec
1197 2340 1264 2403 in
1311 2337 1555 2404 Christi
1624 2339 2063 2405 incarnatione
2132 2340 2555 2423 blasphemat.

294 2443 476 2509 Nam
524 2451 592 2509 et
638 2466 836 2510 unam
882 2446 1284 2510 divinitatem
1338 2447 1406 2510 in
1464 2446 1776 2511 trinitatis
1821 2446 2220 2530 plenitudine
2267 2453 2333 2511 et
2376 2446 2555 2511 trini-

295 2552 454 2616 tatis
504 2551 967 2634 aequalitatem
1011 2553 1078 2617 in
1123 2575 1253 2617 una
1298 2559 1496 2637 atque
1544 2554 1773 2619 eadem
1817 2555 2156 2619 maiestate
2193 2559 2555 2636 veneratur,

296 2665 366 2723 et
411 2680 612 2723 unum
660 2657 986 2724 Christum
1025 2660 1077 2725 J
1081 2681 1279 2742 esum,
1327 2682 1458 2725 non
1507 2661 1710 2743 duos,
1760 2661 2159 2742 eundemque
2207 2661 2396 2725 deum
2443 2682 2628 2743 pa÷20

293 2767 459 2831 riter
506 2772 705 2849 atque
761 2767 1087 2831 hominem
1144 2766 1513 2831 confitetur.
1610 2768 1819 2833 Unam
1870 2767 2129 2850 quidem
2173 2767 2238 2831 in
2288 2788 2365 2833 eo
2414 2790 2556 2850 per-

296 2895 529 2938 sonam
616 2874 732 2938 sed
803 2874 963 2938 duas
1024 2874 1415 2939 substantias
1439 2922 1456 2956 ,
1528 2874 1690 2938 duas
1760 2873 2158 2939 substantias
2204 2875 2319 2939 sed
2363 2896 2559 2939 unam

296 2982 508 3047 credit
558 3002 699 3046 esse
746 3003 1108 3063 personam.
1190 2981 1373 3046 Duas
1421 2981 1841 3064 substantias,
1891 2983 2043 3065 quia
2089 2982 2394 3046 mutabile
2427 3004 2558 3047 non

297 3095 403 3153 est
446 3088 713 3152 verbum
761 3088 883 3168 dei,
935 3094 1008 3151 ut
1054 3088 1260 3170 ipsum
1308 3094 1669 3153 verteretur
1713 3089 1781 3152 in
1829 3109 2122 3170 carnem3
2172 3109 2368 3152 unam
2411 3110 2557 3172 per-

296 3216 558 3276 sonam,
636 3216 717 3259 ne
783 3194 948 3259 duos
1016 3194 1379 3277 profitendo
1450 3194 1617 3261 filios
1692 3196 2196 3279 quaternitatem
2265 3196 2558 3260 videatur
2575 3221 2629 3261 25

301 3302 533 3384 colere,
582 3323 719 3367 non
764 3301 1140 3366 trinitatem.

478 3408 625 3494 (19)
675 3407 807 3473 Sed
855 3430 1089 3491 operae
1134 3410 1414 3492 pretium
1461 3414 1588 3490 est,
1636 3413 1711 3471 ut
1754 3408 1823 3471 id
1866 3408 2079 3490 ipsum
2125 3407 2317 3471 etiam
2363 3412 2559 3490 atque

302 3517 495 3581 etiam
545 3516 911 3580 distinctius
959 3521 1024 3580 et
1056 3516 1419 3599 expressius
1468 3515 1896 3580 enucleemus.
1966 3515 2049 3579 In
2095 3514 2218 3579 deo
2252 3535 2382 3578 una
2413 3514 2558 3578 sub-

299 3624 541 3687 stantia
590 3622 706 3686 sed
753 3628 887 3687 tres
932 3644 1278 3707 personae:
1338 3622 1405 3685 in
1451 3620 1714 3686 Christo
1765 3622 1931 3687 duae
1979 3621 2380 3686 substantiae
2442 3623 2557 3686 sed

298 3751 428 3794 una
471 3750 772 3813 persona.
852 3729 935 3793 In
980 3730 1269 3795 trinitate
1303 3728 1465 3793 alius
1515 3735 1710 3811 atque
1759 3729 1940 3811 alius,
1987 3750 2119 3793 non
2151 3728 2326 3793 aliud
2360 3734 2555 3811 atque
2578 3754 2631 3794 30

306 3836 506 3901 aliud:
554 3838 624 3901 in
673 3836 990 3901 salvatore
1037 3837 1211 3901 aliud
1256 3842 1451 3919 atque
1499 3836 1693 3919 aliud,
1742 3857 1874 3901 non
1922 3835 2083 3900 alius
2130 3841 2326 3918 atque
2374 3835 2554 3899 alius.

312 3939 647 4027 Quomodo
681 3944 746 4007 in
777 3944 1069 4009 trinitate
1102 3944 1262 4009 alius
1293 3949 1490 4027 atque
1523 3944 1705 4026 alius,
1737 3965 1868 4008 non
1901 3943 2072 4008 aliud
2104 3947 2300 4025 atque
2332 3941 2555 4006 aliud?

306 4046 471 4133 Quia
535 4050 782 4116 scilicet
842 4052 970 4116 alia
1030 4057 1129 4116 est
1173 4073 1450 4134 persona
1498 4051 1701 4134 patris
1775 4051 1899 4115 alia
1946 4048 2061 4113 filii
2126 4048 2251 4114 alia
2295 4049 2555 4133 spiritus

2125 4172 2199 4226 2*
