3092 4717
521 475 604 534 38
1452 471 1658 525 XXIV
1697 471 1828 541 (34).

519 631 993 696 haereticorum
1061 631 1201 699 fuit.
1294 632 1386 697 Et
1431 653 1684 715 revera,
1734 652 1900 715 quae
1945 655 2249 716 umquam
2298 634 2600 716 haeresiS,
2649 633 2772 698 nisi

518 736 635 802 sub
686 744 865 804 certo
913 740 1190 822 nomine,
1241 744 1419 804 certo
1450 739 1622 817 loco,
1674 746 1851 804 certo
1885 743 2176 822 tempore
2212 740 2549 805 ebullivit?
2607 738 2770 823 Quis

514 866 820 927 umquam
886 845 1186 911 haereses
1254 845 1570 928 instituit,
1636 846 1760 910 nisi
1817 846 1925 929 qui
1992 867 2060 912 se
2106 847 2286 929 prius
2334 847 2415 912 ab
2465 847 2770 912 ecclesiae

517 951 874 1016 catholicae
921 953 1356 1017 universitatis
1422 958 1489 1017 et
1535 953 1941 1036 antiquitatis
1990 954 2407 1019 consensione
2456 954 2770 1019 discreve-

469 1059 645 1124 5rit?
725 1057 920 1142 Quod
948 1061 1045 1125 ita
1076 1082 1215 1125 esse
1261 1061 1402 1125 luce
1451 1060 1684 1125 clarius
1734 1060 2024 1144 exempla
2057 1060 2527 1125 demonstrant.
2610 1059 2770 1144 Quis

515 1167 680 1231 enim
724 1189 1030 1251 umquam
1077 1175 1227 1233 ante
1271 1167 1615 1252 profanum
1662 1168 1836 1232 illum
1895 1168 2232 1251 Pelagium
2278 1173 2525 1233 tantam
2571 1169 2769 1234 virtu-

512 1279 646 1340 tem
691 1274 873 1339 liberi
903 1276 1336 1359 praesumpsit
1366 1274 1633 1358 arbitrii,
1682 1282 1758 1339 ut
1805 1275 1889 1340 ad
1935 1275 2061 1340 hoc
2106 1276 2173 1339 in
2203 1275 2393 1341 bonis
2430 1276 2625 1341 rebus
2657 1298 2775 1360 per

514 1388 697 1446 actus
744 1383 1032 1464 singulos
1078 1382 1509 1447 adiuvandum
1556 1383 1986 1447 necessariam
2035 1382 2139 1448 dei
2184 1383 2459 1467 gratiam
2489 1405 2619 1447 non
2650 1406 2769 1467 pu-

513 1487 730 1554 taret?
823 1487 984 1572 Quis
1045 1494 1195 1553 ante
1251 1489 1700 1571 prodigiosum
1747 1488 2133 1571 discipulum
2181 1491 2317 1554 eius
2369 1488 2766 1554 Caelestium

445 1623 498 1662 ιο
513 1600 699 1660 reatu
767 1596 1333 1678 praevaricationis
1379 1595 1573 1660 Adae
1644 1617 1832 1664 omne
1901 1596 2252 1660 humanum
2318 1618 2519 1678 genus
2583 1593 2770 1661 dene-

516 1703 691 1783 gavit
757 1702 1184 1767 adstrictum‘?
1278 1700 1436 1785 Quis
1506 1707 1658 1767 ante
1708 1702 2083 1786 sacrilegum
2130 1701 2403 1767 Arrium
2460 1704 2769 1768 trinitatis

515 1809 827 1873 unitatem
883 1809 1270 1892 discindere,
1343 1810 1485 1893 quis
1546 1814 1700 1874 ante
1771 1810 2154 1875 sceleratum
2216 1808 2564 1875 Sabellium
2631 1812 2770 1875 uni-

515 1915 670 1980 tatis
716 1917 1074 1981 trinitatem
1122 1916 1516 1983 confundere
1575 1939 1769 1983 ausus
1818 1917 1961 1983 est?
2056 1915 2218 2000 Quis
2266 1923 2418 1983 ante
2468 1918 2771 1983 crudelis·

518 2021 745 2086 simum
771 2022 1211 2089 Novatianum
1244 2024 1575 2090 crudelem
1610 2026 1799 2090 deum
1833 2025 2011 2107 dixit,
2048 2047 2122 2090 eo
2158 2025 2335 2108 quod
2353 2026 2571 2090 mallet
2602 2047 2771 2089 mor-

447 2156 498 2197 15
517 2134 649 2194 tem
716 2132 1085 2214 morientis,
1144 2154 1340 2215 quam
1407 2139 1483 2197 ut
1551 2138 1914 2198 revertatur
1983 2138 2049 2196 et
2095 2132 2316 2196 vivat?
2410 2130 2570 2214 Quis
2619 2137 2769 2196 ante

516 2258 774 2319 magum
809 2236 1156 2321 Simonem,
1191 2240 1552 2322 apostolica
1587 2241 1983 2303 districtione
2015 2260 2411 2320 percussum,
2445 2277 2533 2285 -—
2565 2259 2605 2302 a
2638 2259 2766 2319 quo

516 2349 698 2407 vetus
745 2343 847 2408 ille
893 2345 1366 2427 turpitudinum
1411 2367 1644 2428 gurges
1690 2367 1893 2426 usque
1940 2344 2004 2406 in
2051 2344 2464 2407 novissimum
2509 2343 2767 2406 Priscil-

513 2448 755 2514 lianum
805 2452 1110 2514 continua
1157 2456 1224 2514 et
1270 2450 1524 2515 occulta
1558 2450 1962 2514 successione
2002 2450 2285 2514 manavit
2320 2488 2402 2496 —
2438 2456 2769 2514 auctorem

518 2555 850 2639 malorum,
904 2556 971 2620 id
1005 2561 1104 2621 est
1136 2555 1449 2620 scelerum
1493 2556 1903 2639 impietatum
1954 2555 2476 2639 flagitiorumque
2508 2563 2769 2621 nostro-

448 2692 501 2729 20
516 2685 661 2727 rum
706 2683 900 2727 ausus
949 2668 1047 2727 est
1097 2662 1307 2728 dicere
1369 2668 1732 2728 creatorem
1780 2664 2018 2729 deum?
2112 2661 2371 2746 Quippe
2421 2685 2612 2747 quem
2658 2663 2770 2727 ad-

518 2770 671 2833 serit
739 2769 934 2834 talem
1004 2770 1333 2834 hominum
1398 2770 1694 2835 manibus
1738 2771 1950 2854 ipsum
1997 2773 2127 2835 suis
2177 2792 2397 2836 creare
2445 2776 2768 2852 naturam,

516 2897 682 2958 quae
729 2876 992 2959 proprio
1043 2876 1326 2960 quodam
1373 2884 1557 2941 motu
1604 2884 1670 2942 et
1715 2880 2116 2944 necessariae
2166 2878 2499 2943 cuiusdam
2543 2878 2769 2943 volun-

514 2984 671 3047 tatis
717 2984 996 3065 impulsu
1041 2983 1198 3048 nihil
1244 2984 1416 3048 aliud
1461 2986 1690 3067 possit,
1739 2986 1894 3050 nihil
1932 2986 2107 3051 aliud
2139 2986 2289 3050 velit
2321 2986 2444 3049 nisi
2473 3006 2769 3068 peccare,

517 3110 594 3154 eo
646 3089 820 3172 quod
864 3089 1043 3154 furiis
1089 3091 1392 3155 vitiorum
1440 3091 1727 3156 omnium
1774 3093 2101 3175 exagitata
2147 3098 2213 3157 et
2257 3091 2658 3157 inflammata
2701 3092 2771 3155 in

447 3223 500 3263 25
521 3197 734 3261 omnia
780 3198 1249 3280 turpitudinum
1294 3197 1608 3262 barathra
1652 3199 2032 3263 inexhausta
2063 3199 2418 3282 cupiditate
2451 3199 2769 3282 rapiatur.

697 3304 1044 3369 Innumera
1089 3311 1239 3370 sunt
1286 3305 1461 3387 talia,
1512 3327 1677 3389 quae
1722 3306 2056 3371 brevitatis
2105 3305 2318 3370 studio
2367 3306 2769 3389 praetermit-

519 3411 741 3492 timuS,
812 3411 1042 3494 quibus
1112 3417 1329 3477 tamen
1400 3414 1647 3478 cunctis
1717 3415 1873 3479 satis
1922 3414 2250 3479 evidenter
2297 3413 2768 3496 perspicueque

518 3523 948 3601 monstratur,
1017 3520 1144 3584 hoc
1213 3520 1385 3602 apud
1442 3542 1660 3586 omnes
1726 3521 1858 3586 fere
1904 3521 2204 3586 haereses
2252 3520 2435 3603 quasi
2482 3518 2768 3585 solemne

521 3647 661 3691 esse
706 3646 785 3690 ac
832 3625 1219 3708 legitimum,
1290 3632 1365 3691 ut
1413 3649 1668 3710 semper
1703 3633 2025 3711 profani-s·
2070 3631 2482 3692 novitatibus
2529 3625 2769 3709 gaude-

447 3758 501 3798 30
521 3738 663 3814 ant,
722 3732 1129 3816 antiquitatis
1180 3734 1343 3798 scita
1387 3733 1747 3816 fastidiant,
1814 3738 1880 3798 et
1934 3756 2053 3816 per
2100 3741 2551 3817 oppositione-s·
2590 3737 2773 3812 falsi

521 3846 813 3904 nomini-s·
859 3848 1186 3905 scientiae
1233 3862 1275 3905 a
1311 3844 1447 3921 fide
1491 3846 1924 3922 naufrayent.
2018 3838 2267 3905 Contra
2323 3860 2475 3904 vero
2548 3838 2769 3903 catho-

702 3985 770 4036 14
804 3982 1011 4037 Ezech.
1040 3985 1126 4051 33,
1156 3985 1218 4036 11
1247 3984 1358 4051 (18,
1384 3985 1470 4051 23,
1502 3986 1599 4052 323
1639 3985 1825 4051 3‚1s).
2095 3985 2181 4037 29.
2221 3985 2290 4037 30
2330 3984 2377 4035 1.
2415 3981 2555 4034 Tim.
2595 3982 2645 4048 6,
2684 3982 2773 4033 20.

520 4074 586 4127 31
630 4076 677 4127 1.
715 4072 857 4126 Tim.
900 4075 946 4140 1,
989 4075 1072 4127 19.
