3092 4717
610 455 694 517 14
1613 453 1670 508 x
1709 454 1840 521 (15).

605 612 957 695 magisterii
1023 613 1409 679 documento
1486 613 2008 679 satisfaciendum
2072 620 2192 680 est.
2285 615 2648 681 Audiamus
2697 638 2853 700 ergo

605 725 901 784 sanctum
945 719 1242 805 Moysen,
1291 728 1359 786 et
1403 721 1538 805 ipse
1586 743 1706 787 008
1750 723 2009 804 doceat,
2060 743 2177 787 cur
2221 723 2397 788 docti
2443 724 2559 788 viri
2606 733 2689 804 et,
2740 725 2858 806 qui

602 832 870 909 propter
915 828 1220 892 scientiae
1269 829 1544 911 gratiam
1592 829 1674 893 ab
1721 829 2019 912 apostolo
2060 830 2257 894 etiam
2286 831 2647 914 prophetae
2691 852 2853 894 nun-

603 940 957 1017 cupantur,
1027 934 1322 1016 proferre
1387 936 1716 1000 interdum
1781 936 2243 1018 permittantur
2308 958 2474 1002 nova
2520 938 2851 1021 dogmata,

554 1065 581 1105 5
603 1061 770 1123 quae
816 1041 1029 1109 Vetus
1077 1041 1567 1107 Testamentum
1622 1042 1975 1125 allegorico
2035 1063 2326 1107 sermone
2382 1048 2543 1109 deos
2589 1050 2851 1109 alienos

598 1148 923 1231 appellare
970 1149 1322 1232 consuevit,
1371 1170 1449 1215 eo
1497 1150 1672 1232 (111011
1720 1150 1966 1215 scilicet
2007 1151 2103 1215 ita
2147 1150 2230 1215 ab
2284 1150 2624 1215 haereticis
2677 1152 2849 1234 ipso-

597 1277 741 1319 rum
787 1256 1143 1338 opinioneS,
1193 1257 1360 1321 sicut
1405 1279 1446 1321 a
1491 1257 1837 1340 gentilibus
1870 1258 1959 1322 dii
1991 1258 2109 1339 sui,
2159 1257 2601 1322 observentur.
2677 1256 2851 1323 Scri-

595 1362 691 1427 bit
751 1385 904 1447 ergo
968 1364 1035 1428 in
1092 1364 1603 1429 Deuteronomio
1661 1364 1890 1430 beatus
1949 1365 2245 1449 Moyses:
2311 1372 2377 1430 si
2436 1374 2844 1447 surrexerit,

593 1470 824 1553 inquit,
871 1479 942 1536 in
989 1476 1209 1537 medio
1257 1479 1358 1537 tui
1378 1476 1734 1555 propheta,
1781 1483 1899 1538 ant
1928 1481 2079 1553 quis
2125 1481 2455 1538 somnium
2488 1477 2741 1538 vidisse
2771 1495 2848 1539 se

524 1604 577 1643 ιο
597 1580 800 1658 dicat,
850 1617 935 1626 -—
981 1579 1050 1642 id
1096 1584 1229 1642 est:
1277 1580 1588 1661 magister
1629 1580 1697 1643 in
1730 1578 2000 1644 ecclesia
2032 1581 2446 1662 constitutuS,
2495 1601 2687 1661 quem
2718 1579 2846 1644 dis-

594 1685 788 1767 cipuli
833 1686 932 1749 vel
999 1687 1326 1753 auditores
1386 1688 1486 1751 sui
1534 1708 1613 1751 ex
1672 1688 1887 1770 aliqua
1929 1688 2322 1752 revelatione
2388 1688 2621 1752 docere
2677 1675 2845 1752 arbi-

592 1798 846 1857 trentur
878 1832 961 1841 ——-
1003 1794 1157 1877 quid
1191 1795 1500 1859 deindeP:
1553 1806 1622 1860 et
1660 1800 2111 1878 praedia-erit,
2158 1796 2387 1879 inquit,
2435 1804 2699 1876 siynum
2748 1809 2846 1863 at-

591 1921 717 1980 que
741 1911 1147 1982 portentum,
1184 1911 1256 1966 et
1280 1909 1599 1983 evenerit,
1644 1906 1823 1982 quod
1847 1907 2108 1968 loeutus
2135 1913 2255 1985 est,
2282 1940 2371 1951 —
2393 1925 2662 1986 magnus
2692 1926 2842 1986 pro-

594 2006 770 2072 fecto
840 2009 1058 2073 nescio
1131 2008 1272 2090 quis
1329 2007 1725 2091 significatur
1778 2012 2084 2093 magister
2130 2016 2198 2076 et
2244 2017 2468 2076 tantae
2514 2013 2840 2094 scientiae,

518 2137 571 2177 15
606 2117 717 2198 (1111
748 2116 1175 2181 sectatoribus
1205 2118 1487 2201 propriis
1517 2138 1649 2181 non
1673 2119 1901 2199 solum,
1935 2140 2101 2201 quae
2123 2119 2404 2183 humana
2425 2123 2592 2199 sunt,
2627 2140 2840 2200 nosse,

589 2247 807 2289 verum
857 2226 1070 2306 etiam,
1120 2247 1285 2307 quae
1334 2246 1530 2308 supra
1575 2225 1897 2289 hominem
1946 2231 2116 2304 sunt,
2165 2245 2593 2306 praenoscere
2647 2246 2837 2305 posse

588 2331 901 2414 videatur,
952 2331 1173 2413 quales
1203 2329 1339 2395 fere
1373 2330 1668 2410 discipuli
1701 2331 1799 2393 sui
1834 2331 2136 2394 iactitant
2165 2329 2362 2394 fuisse
2394 2330 2834 2410 Valentinum,

587 2438 943 2518 Donatum,
993 2437 1379 2517 Photinum,
1428 2436 1876 2518 Apollinarem
1936 2443 2318 2518 ceterosque
2366 2437 2681 2502 eiusmodi
2749 2475 2837 2484 —

590 2545 745 2628 quid
789 2544 1096 2628 posteaP:
1161 2554 1233 2608 et
1273 2546 1553 2626 (limet-it,
1598 2544 1828 2626 inquit,
1878 2547 2043 2609 tibi:
2090 2564 2321 2610 eam-us
2368 2555 2435 2609 et
2479 2565 2839 2626 sequamur

515 2679 570 2717 20
588 2658 750 2719 deos
798 2657 1080 2734 alienos,
1129 2672 1291 2733 qnos
1339 2659 1639 2732 iynoraS,
1690 2661 1758 2716 et
1801 2659 2175 2717 serviamus
2223 2659 2345 2733 eis,
2394 2689 2483 2699 -
2508 2647 2642 2734 'qui
2688 2658 2838 2715 sunt

589 2765 688 2826 dii
734 2765 976 2841 alieni,
1043 2760 1167 2823 nisi
1229 2780 1481 2824 errores
1529 2760 1863 2825 extranei?
1936 2781 2099 2842 quoe
2146 2765 2547 2843 iquorabas,
2590 2761 2658 2825 id
2706 2766 2833 2825 est:

586 2868 734 2931 novi
806 2871 871 2931 et
916 2867 1226 2950 inauditi,
1299 2878 1369 2933 et
1409 2876 1784 2934 serviamus
1830 2877 1965 2951 eis,
2023 2869 2091 2933 id
2138 2876 2269 2936 est:
2338 2870 2674 2935 credamus
2723 2869 2835 2950 018,

587 2996 933 3057 sequamur
980 2996 1088 3040 008
1136 3013 1224 3022 -—
1272 2976 1427 3057 quid
1487 2976 1573 3039 ad
1636 2976 2073 3039 extremumP:
2123 2998 2253 3040 non
2300 2982 2559 3058 andieS,
2604 2976 2834 3057 inquit,

586 3087 788 3148 verba
822 3087 1196 3166 prophetae
1236 3087 1425 3146 illius
1470 3092 1590 3146 aut
1618 3090 2076 3148 somniatoris.
2168 3082 2259 3146 Et
2305 3104 2527 3164 quare,
2577 3104 2693 3148 oro
2743 3088 2831 3164 te,

512 3214 625 3261 25a
671 3192 792 3256 deo
838 3212 967 3255 non
1015 3189 1393 3273 prohibetur
1439 3189 1679 3269 doceri,
1731 3190 1908 3271 quod
1946 3212 1986 3253 a
2018 3190 2139 3255 deo
2171 3189 2552 3273 prohibetur
2582 3188 2834 3258 audiri?

594 3302 785 3380 Quia,
829 3298 1058 3381 inquit,
1109 3308 1325 3362 lentat
1363 3318 1479 3362 vos
1513 3301 1821 3361 dominu-s·
1851 3299 2017 3361 deus
2048 3306 2288 3376 vester,
2324 3306 2401 3360 ut
2435 3301 2664 3378 palam
2688 3301 2833 3377 fiat,

583 3416 806 3470 utrum
841 3409 1152 3485 diliyatis
1184 3426 1330 3469 enm
1365 3426 1452 3469 an
1500 3425 1633 3469 non
1680 3411 1750 3468 in
1783 3413 1923 3468 toto
1971 3407 2170 3467 eorde
2217 3412 2283 3467 et
2328 3410 2397 3467 in
2430 3412 2573 3467 tota
2604 3410 2831 3467 anima

584 3523 828 3578 vestra.
921 3512 1100 3577 Luce
1134 3494 1382 3577 ‘clarius
1429 3517 1661 3594 aperta
1707 3532 1904 3575 causa
1951 3515 2069 3591 est,
2118 3529 2232 3572 cur
2259 3509 2586 3573 interdum
2620 3509 2829 3573 divina

582 3619 990 3703 providentia
1035 3619 1354 3701 quosdam
1401 3618 1815 3683 ecclesiarum
1883 3616 2221 3699 magistros
2282 3637 2451 3681 nova
2511 3616 2825 3699 quaedam

511 3754 564 3794 30
586 3728 890 3811 dogmata
935 3728 1311 3811 praedicare
1356 3725 1673 3808 patiatur:
1723 3729 1797 3787 ut
1831 3733 2043 3788 tentet
2068 3744 2185 3788 vos
2232 3727 2561 3805 dominae,
2597 3722 2823 3804 inquit,

583 3840 749 3902 deu-s·
815 3845 1054 3901 vester.
1147 3833 1241 3896 Et
1308 3830 1602 3915 profecto
1674 3852 1908 3913 magna
1974 3830 2251 3895 tentatio
2301 3836 2436 3911 est,
2507 3850 2654 3893 cum
2697 3828 2825 3910 ille,

758 4070 793 4122 5
833 4086 878 4122 e.
916 4086 968 4137 g.
1006 4067 1169 4121 Deut.
1211 4068 1294 4132 13,
1333 4067 1384 4119 2.
1604 4067 1637 4118 8
1674 4064 1835 4117 Deut.
1864 4064 1949 4131 13,
1978 4064 2134 4116 1-3.
2374 4063 2444 4113 30
2468 4061 2631 4113 Deut.
2662 4060 2745 4125 13,
2774 4060 2825 4110 3.
