3092 4717
1215 400 1274 455 V
1310 398 1553 469 (7)-v1
1591 400 1688 468 (9).
2013 368 2018 374 ’
2055 439 2060 443 .
2533 403 2570 462 7

320 564 606 629 deiectas
641 560 1055 627 sacerdotum
1087 551 1360 626 coronas
1391 564 1761 642 reponeret,
1794 558 2075 625 nefarias
2106 559 2250 625 illas
2279 559 2572 625 novellae

320 670 669 754 impietatis
729 690 863 733 non
918 668 1140 734 literas
1200 668 1315 731 sed
1376 667 1624 745 lituras,
1673 665 1885 731 infuso
1936 667 2205 732 caelitus
2253 667 2571 751 episcopis

321 777 599 843 fidelium
646 776 1053 840 lacrimarum
1098 772 1295 854 fonte,
1341 772 1608 854 deleret,
1656 773 2017 838 universum
2065 779 2396 857 postremo
2444 774 2574 837 iam

320 905 528 969 paene
574 882 885 947 mundum
932 902 1123 945 saeva
1166 880 1542 963 repentinae
1589 878 1932 946 haereseos
1984 886 2376 963 tempestate
2430 902 2573 963 per-

326 992 594 1071 culsum,
642 987 726 1053 ad
772 987 1103 1070 antiquam
1148 986 1343 1051 fidem
1386 1008 1426 1051 a
1470 986 1724 1053 novella
1767 986 2061 1070 perfidia,
2112 987 2196 1052 ad
2242 987 2619 1069 antiquam5

329 1097 665 1161 sanitatem
711 1118 752 1160 a
797 1096 1102 1160 novitatis
1149 1094 1440 1177 vesania,
1502 1094 1586 1158 ad
1647 1095 1983 1177 antiquam
2038 1094 2250 1160 lucem
2310 1115 2352 1158 a
2396 1095 2574 1160 novi-

325 1204 478 1268 tatis
527 1203 841 1267 caecitate
887 1204 1253 1267 revocaret!

503 1310 596 1393 (8)
647 1307 778 1373 Sed
823 1308 890 1372 in
935 1308 1057 1372 hac
1090 1309 1300 1374 divina
1332 1306 1613 1392 quadam
1660 1307 2103 1374 confessorum
2134 1310 2370 1374 virtute
2416 1309 2574 1373 illud

322 1423 423 1482 est
472 1417 665 1481 etiam
710 1416 898 1481 nobis
930 1415 1029 1480 vel
1058 1417 1331 1481 maxime
1364 1416 1922 1497 considerandum,
1974 1416 2151 1499 quod
2198 1422 2354 1480 tunc
2401 1416 2574 1499 apud

319 1525 530 1607 ipsam
577 1522 885 1588 ecclesiae
935 1528 1322 1588 vetustatem
1366 1544 1502 1589 non
1546 1522 1751 1606 partis
1797 1523 2066 1587 alicuius
2113 1523 2226 1588 sed
2271 1522 2572 1588 universi·
2593 1542 2647 1581 10

320 1632 476 1696 tatis
523 1632 605 1696 ab
651 1631 728 1695 iis
777 1637 877 1696 est
923 1636 1227 1713 suscepta
1258 1629 1568 1695 defensio,
1647 1629 1881 1713 Neque
1928 1630 2098 1694 enim
2144 1630 2243 1695 fas
2290 1636 2451 1710 erat,
2502 1636 2574 1694 ut

321 1739 492 1803 tanti
537 1759 614 1802 ac
658 1737 824 1802 tales
871 1738 989 1801 viri
1034 1738 1220 1803 unius
1277 1743 1392 1802 aut
1448 1737 1724 1802 duorum
1782 1737 2114 1801 hominum
2175 1737 2577 1802 errabundas

324 1846 572 1928 sibique
615 1846 772 1928 ipsis
819 1847 1175 1911 contrarias
1224 1844 1621 1929 suspiciones
1661 1849 1796 1908 tam
1837 1864 2071 1927 magno
2104 1845 2430 1910 molimine
2463 1844 2572 1908 ad·

330 1959 615 2035 sererent
662 1958 774 2018 aut
814 1974 968 2019 vero
1001 1975 1121 2036 pro
1155 1954 1421 2017 alicuius
1453 1952 1888 2035 provinciolae
1918 1952 2266 2017 temeraria
2298 1951 2574 2035 quadam

331 2061 803 2142 conspiratione
849 2068 1191 2141 certarent,
1241 2060 1354 2124 sed
1402 2061 1685 2125 omnium
1726 2066 1989 2124 sanctae
2030 2059 2336 2124 ecclesiae
2369 2080 2573 2123 sacer·
2595 2076 2647 2117 1⁵

332 2166 578 2249 dotum,
614 2168 1003 2250 apostolicae
1037 2173 1104 2232 et
1136 2161 1491 2234 catholicae
1523 2168 1812 2232 veritatis
1843 2165 2172 2247 heredum,
2207 2166 2470 2231 decreta
2511 2172 2578 2230 et

328 2273 595 2339 definita
642 2280 971 2340 sectantes
1016 2275 1384 2339 maluerunt
1429 2274 1810 2357 semetipsos
1858 2296 2051 2356 quam
2096 2278 2386 2339 vetustae
2443 2274 2577 2337 uni-

321 2382 644 2446 versitatis
698 2381 895 2447 fidem
949 2383 1246 2465 prodere.
1339 2382 1531 2447 Unde
1581 2386 1646 2446 et
1692 2382 1774 2445 ad
1820 2386 2070 2446 tantam
2118 2381 2388 2464 gloriam
2434 2402 2577 2465 per-

322 2488 536 2552 venire
583 2494 987 2572 meruerunt,
1050 2494 1125 2553 ut
1171 2510 1302 2554 non
1349 2489 1558 2555 solum
1605 2488 2039 2570 confessores,
2102 2509 2323 2552 verum
2382 2488 2577 2553 etiam

325 2595 769 2661 confessorum
812 2598 1134 2680 principes
1181 2598 1320 2662 iure
1368 2597 1729 2679 meritoque
1776 2596 2153 2661 habeantur.
2594 2627 2649 2666 20

502 2703 623 2769 VI.
660 2705 976 2786 Magnum
1013 2705 1138 2769 hoc
1183 2705 1381 2787 igitur
1427 2703 1779 2769 eorundem
1827 2704 2167 2769 beatorum
2215 2703 2577 2786 exemplum

262 2877 275 2888 .
326 2811 651 2895 planeque
714 2812 993 2877 divinum
1053 2819 1121 2877 et
1188 2812 1352 2876 veris
1423 2810 1781 2894 quibusque
1851 2809 2189 2875 catholicis
2257 2810 2577 2875 indefessa

320 2919 743 2985 meditatione
790 2918 1236 3001 recolendum,
1295 2918 1405 3001 qui
1449 2919 1518 2982 in
1562 2918 1824 2982 modum
1873 2917 2301 3002 septemplicis
2349 2917 2576 2982 cande-

318 3027 487 3092 labri
518 3032 788 3109 septena
834 3028 1043 3091 sancti
1074 3027 1338 3110 spiritus
1382 3027 1525 3090 luce
1573 3023 1812 3090 radiati
1856 3025 2269 3090 clarissimam
2292 3026 2573 3107 posteris

320 3133 662 3198 formulam
684 3140 1308 3218 praemonstrarunt,
1342 3132 1820 3217 quonammodo
1852 3132 2154 3215 deinceps
2185 3153 2303 3216 per
2325 3133 2576 3215 singula
2594 3160 2647 3200 25

325 3262 619 3323 quaeque
685 3263 974 3307 errorum
1034 3241 1399 3324 vaniloquia
1459 3245 1751 3305 sacratae
1796 3240 2137 3303 vetustatis
2185 3240 2575 3304 auctoritate

326 3349 632 3429 profanae
680 3350 986 3414 novitatis
1034 3354 1409 3414 conteratur
1456 3348 1748 3413 audacia.
1828 3346 1925 3431 (9)
1969 3345 2203 3428 Neque
2250 3346 2373 3411 hoc
2422 3367 2575 3410 sane

329 3476 595 3538 novumt,
643 3455 959 3539 siquidem
987 3477 1131 3521 mos
1159 3456 1281 3520 iste
1330 3476 1582 3537 semper
1628 3455 1693 3517 in
1741 3453 2010 3518 ecclesia
2040 3453 2262 3535 viguit,
2308 3458 2403 3535 ut,
2446 3473 2574 3535 quo

328 3562 597 3645 quisque
643 3563 814 3628 foret
858 3563 1243 3645 religiosior,
1291 3582 1368 3626 eo
1400 3561 1766 3644 promptius
1799 3559 2062 3626 novellis
2111 3558 2574 3624 adinventioni-

322 3668 448 3733 bus
496 3671 869 3735 contrairet.
2595 3693 2648 3732 30

502 3776 835 3860 Exemplis
865 3776 1102 3842 talibus
1134 3777 1328 3860 plena
1359 3782 1508 3841 sunt
1541 3776 1773 3844 omnia.
1852 3775 1983 3842 Sed
2018 3797 2099 3841 ne
2145 3775 2408 3858 longum
2437 3774 2575 3859 fiat,

503 4010 573 4061 23
613 4006 679 4062 cf.
716 4006 899 4062 Exod.
938 4009 1026 4075 25,
1064 4009 1130 4061 31
1146 4026 1264 4077 sqq.
1445 4009 1517 4060 26
1555 4006 1624 4061 cf.
1665 4008 1713 4060 1.
1739 4006 1879 4061 Tim.
1918 4009 1969 4074 6,
2007 4009 2103 4075 203
2140 4009 2189 4061 2.
2218 4007 2357 4061 Tim.
2397 4008 2448 4073 2,
2490 4007 2575 4061 16.
