3092 4717
572 443 656 503 50
1224 440 1427 494 XXXI
1465 439 1894 510 (42)-XXX11
1931 441 2067 509 (43).

569 601 921 683 magisterii
967 622 1227 666 munere
1273 601 1551 684 praedit-i
1598 602 1811 667 divina
1856 602 2111 684 eloquia
2154 603 2628 684 tractavissent,
2687 603 2819 666 uni·

569 729 789 773 versos
836 708 1084 782 scilicet
1131 708 1524 790 sacerdoteS,
1572 709 1900 774 universos
1948 710 2349 774 confessores
2382 715 2450 774 et
2481 716 2816 793 martyreS,

571 837 843 898 quorum
889 816 999 880 alii
1046 815 1498 899 explanassent
1531 815 1635 880 dei
1665 814 1927 899 Legem,
1977 816 2081 880 alii
2126 838 2276 882 vero
2328 817 2820 899 explanantibus

572 923 1041 987 consensissent
1087 921 1185 986 vel
1232 922 1688 1004 credidissent,
1752 928 1961 987 totam
2007 929 2340 1005 postremo
2398 923 2593 987 etiam
2652 944 2819 987 nunc

520 1044 548 1085 ⁵
571 1051 785 1095 errare
834 1036 900 1095 et
947 1051 1198 1112 semper
1231 1051 1477 1094 errasse
1509 1030 1922 1095 adseveraret
1955 1030 2308 1112 ecclesiam,
2359 1052 2544 1113 quae,
2593 1035 2666 1093 ut
2696 1031 2819 1113 ipsi

569 1136 923 1218 videbatur,
984 1137 1246 1219 ignaros
1309 1158 1739 1219 erroneosque
1803 1136 2103 1202 doctores
2152 1142 2216 1202 et
2264 1145 2490 1202 secuta
2536 1143 2709 1201 esset
2756 1144 2821 1202 et

571 1250 966 1327 sequeretur.

745 1351 1062 1416 XXXII.
1099 1352 1239 1435 (43)
1273 1347 1457 1433 Quae
1492 1352 1707 1417 omnia
1737 1352 1888 1416 licet
1920 1353 2241 1417 cumulate
2275 1353 2658 1435 abundeque
2691 1353 2817 1417 suf-

565 1458 834 1523 ficerent
893 1459 978 1523 ad
1027 1464 1370 1543 profanas
1430 1481 1721 1542 quasque
1768 1467 2098 1524 novitates
2161 1459 2529 1524 obruendas
2586 1467 2652 1525 et
2713 1482 2815 1525 eX-

496 1566 978 1648 10tinguendaS,
1040 1571 1278 1648 tamen,
1341 1588 1422 1630 ne
1471 1566 1626 1648 quid
1675 1566 1896 1630 deesse
1945 1571 2168 1630 tantae
2214 1566 2601 1649 plenitudini
2649 1568 2816 1632 vide-

565 1679 777 1754 retur,
844 1673 928 1737 ad
990 1678 1347 1737 extremum
1405 1673 1756 1737 adiecimus
1818 1673 2134 1754 geminam
2190 1673 2591 1754 apostolicae
2650 1675 2817 1740 sedis

565 1780 1052 1861 auctoritatem,
1121 1801 1312 1844 unam
1373 1780 1620 1844 scilicet
1667 1781 1873 1844 sancti
1918 1801 2129 1861 papae
2176 1778 2407 1863 Xysti,
2473 1780 2584 1862 qui
2642 1802 2816 1845 nunc

566 1886 929 1952 Romanam
963 1886 1298 1952 ecclesiam
1329 1884 1728 1950 venerandus
1768 1886 2091 1967 inlustrat,
2141 1885 2413 1951 alteram
2460 1886 2817 1953 decessoris

568 1994 668 2058 sui
724 1993 954 2058 beatae
1013 1994 1360 2058 memoriae
1416 2014 1627 2076 papae
1684 1991 2061 2075 Caelestini,
2130 2015 2324 2075 quam
2387 1994 2490 2058 hic
2558 2016 2815 2077 quoque

497 2120 548 2161 15
566 2101 981 2183 interponere
1046 2101 1479 2166 necessarium
1541 2101 1979 2165 iudicavimus.
2074 2099 2195 2165 Ait
2262 2102 2484 2183 itaque
2554 2110 2814 2165 sanctus

567 2231 738 2292 papa
765 2209 1020 2292 Xystus
1051 2210 1115 2274 in
1165 2211 1461 2292 epistula,
1513 2231 1708 2291 quam
1740 2209 1819 2273 de
1853 2230 2051 2273 causa
2080 2209 2371 2274 Nestorii
2402 2208 2811 2272 Antiocheno

568 2317 741 2380 misit
773 2318 1110 2398 episcopo:
1161 2337 1343 2396 erqo,
1391 2317 1624 2396 inquit,
1674 2324 1852 2396 quia,
1904 2323 2085 2379 sicut
2112 2321 2211 2378 ait
2244 2319 2612 2395 apostolus,
2640 2317 2814 2395 fides

568 2444 702 2487 una
772 2433 903 2502 est,
971 2443 1140 2503 quae
1201 2425 1538 2486 evidenter
1601 2425 1886 2486 obtinuit
1948 2424 2261 2501 dicenda,
2332 2425 2685 2485 credamus
2750 2430 2817 2484 et

568 2533 853 2595 tenenda
900 2533 1221 2594 dicamus.
1316 2526 1499 2610 Quae
1559 2533 1710 2592 sunt
1763 2527 2030 2591 tandem
2073 2526 2186 2591 illa
2234 2526 2559 2591 credenda
2605 2532 2672 2591 et
2721 2526 2814 2589 di-

495 2655 550 2694 20
569 2636 822 2701 cenda?
904 2635 1210 2719 Sequitur
1256 2642 1323 2701 et
1368 2637 1489 2700 ait:
1539 2640 1711 2701 nihil
1750 2641 1954 2718 ultra,
1999 2635 2229 2717 inquit,
2280 2639 2481 2699 liceat
2511 2641 2817 2714 novitati,

569 2750 726 2824 quia
757 2747 930 2809 nihil
958 2748 1118 2809 addi
1164 2750 1466 2809 convenit
1496 2750 1850 2824 vetustati,·
1886 2749 2253 2825 perspicua
2284 2748 2616 2805 maiorum
2640 2745 2818 2823 fides

564 2860 635 2915 et
702 2855 1069 2916 credulitas
1128 2857 1316 2915 nulla
1363 2858 1557 2915 caeni
1604 2858 2065 2934 permixtione
2112 2853 2440 2926 turbetur.
2538 2845 2815 2913 Omnino

568 2957 957 3039 apostolice,
1021 2963 1095 3021 ut
1120 2951 1125 2956 ’
1154 2959 1472 3022 maiorum
1531 2958 1982 3022 credulitatem
2040 2955 2519 3039 perspicuitatis
2584 2954 2817 3018 lumine

573 3069 852 3144 ornaret,
902 3065 1177 3129 novitias
1223 3085 1372 3128 vero
1421 3063 1850 3146 profanitates
1900 3064 2079 3127 caeni
2120 3063 2548 3145 permixtione
2582 3062 2816 3125 descri-

498 3187 555 3227 25
572 3172 775 3238 beret.
873 3170 1001 3237 Sed
1050 3177 1116 3237 et
1162 3176 1422 3236 sanctus
1468 3191 1643 3252 papa
1684 3168 2087 3234 Caelestinus
2134 3170 2276 3251 pari
2321 3168 2517 3233 modo
2568 3168 2817 3231 eadem·

573 3299 698 3360 que
747 3279 1086 3345 sententia.
1166 3278 1288 3341 Ait
1336 3278 1503 3341 enim
1546 3277 1614 3340 in
1663 3276 1954 3359 epistula,
2006 3297 2202 3358 quam
2235 3273 2576 3340 Gallorum
2607 3295 2818 3339 sacer-

566 3385 831 3450 dotibus
877 3386 1049 3450 misit
1096 3405 1374 3467 arguens
1423 3405 1644 3448 eorum
1695 3383 2189 3464 conniventiam,
2253 3381 2429 3463 quod
2485 3382 2818 3464 antiquam

569 3490 761 3556 fidem
809 3492 1064 3557 silentio
1115 3492 1538 3556 destituentes
1575 3496 1912 3574 profanas
1945 3496 2275 3553 novitates
2318 3508 2660 3570 exsurgere
2707 3509 2817 3569 pa-

569 3605 893 3664 terentur:
988 3605 1265 3679 merito,
1321 3598 1562 3679 inquit,
1625 3618 1832 3661 causa
1888 3616 2011 3660 nos
2058 3602 2367 3677 respicit,
2431 3602 2495 3658 si
2537 3599 2816 3660 silentio

497 3710 921 3786 ssofoveamus
969 3725 1289 3769 errorem.
1369 3707 1549 3785 Eryo
1597 3710 2056 3786 corripiantur
2086 3705 2501 3782 huiusmodi5
2548 3723 2682 3766 non
2726 3707 2820 3764 sit

574 3869 702 3876 .—

750 3956 782 4006 9
824 3957 871 4008 1.
910 3954 1051 4007 Tim.
1091 3956 1141 4020 6,
1179 3956 1265 4007 20.
1510 3955 1578 4005 16
1614 3952 1780 4021 Xysti
1818 3970 1903 4020 ep.
1948 3950 2045 4017 VI,
2084 3953 2135 4004 7.
2389 3952 2454 4002 17
2492 3948 2637 4019 Eph.
2676 3953 2729 4018 4,
2767 3950 2816 4003 5.

570 4046 782 4098 24-28
823 4046 870 4096 1.
897 4044 1038 4098 Tim.
1066 4045 1115 4111 6,
1155 4045 1240 4097 20.
1494 4044 1564 4094 29
1592 4040 1823 4096 Caelest.
1850 4040 1882 4094 I
1907 4059 1994 4109 ep.
2019 4040 2182 4107 XXI,
2208 4042 2258 4093 2.
