3092 4717
1101 422 1306 476 XXIX
1340 421 1667 492 (41)-(42).
2419 425 2507 487 47

265 585 651 668 quicumque
696 583 1005 648 haeretici
1036 604 1177 648 esse
1207 583 1481 648 nollent:
1524 583 1823 666 primum,
1873 584 1928 647 si
1959 583 2114 666 quid
2146 588 2317 648 esset
2348 583 2509 648 anti-

262 692 482 775 quitus
530 691 611 757 ab
663 690 957 757 omnibus
1005 690 1314 756 ecclesiae
1360 690 1721 757 catholicae
1777 690 2220 755 sacerdotibus
2266 690 2511 755 univer-

259 798 409 864 salis
459 798 712 864 concilii
757 798 1147 864 auctoritate
1193 798 1547 880 decretum,
1597 797 1849 880 deinde,
1911 797 1966 861 si
2016 819 2148 881 qua
2191 818 2359 862 nova
2406 818 2511 861 ex-

258 911 555 990 surgeret
602 906 922 989 quaestio,
987 904 1100 969 ubi
1144 904 1212 968 id
1256 906 1514 972 minime
1559 906 1984 988 reperiretur,
2050 903 2511 971 recurrendum

257 1014 343 1078 ad
390 1018 768 1078 sanctorum
812 1017 1074 1095 patrum
1120 1013 1491 1093 sententias,
1540 1035 1766 1079 eorum
1812 1012 2174 1094 dumtaxat,
2223 1012 2332 1094 qui
2379 1011 2555 1076 sui85

258 1120 497 1205 quique
544 1120 948 1202 temporibus
996 1125 1063 1185 et
1107 1119 1267 1184 locis
1312 1119 1378 1184 in
1436 1120 1687 1186 unitate
1733 1119 2201 1185 communionis
2248 1124 2316 1183 et
2361 1117 2512 1182 fidei

255 1232 731 1310 permanentes„
778 1226 1073 1310 magistri
1102 1227 1473 1310 probabiles
1506 1227 1890 1306 extitissent,
1940 1232 2005 1291 et
2040 1225 2350 1309 quidquid
2381 1245 2509 1290 uno

258 1355 452 1398 sensu
483 1338 682 1416 atque
714 1354 1034 1399 consensu
1058 1333 1343 1398 tenuisse
1375 1333 1832 1415 invenirentur,
1868 1334 1934 1397 id
1959 1333 2269 1400 ecclesiae
2294 1354 2513 1398 verum

258 1447 325 1505 et
372 1440 764 1506 catholicum
810 1441 1055 1524 absque
1103 1441 1232 1507 ullo
1283 1441 1585 1525 scrupulo
1630 1442 2041 1509 iudicaretur.

445 1549 587 1632 (42)
622 1545 819 1630 Quod
841 1570 921 1613 ne
952 1550 1479 1632 praesumptione
1503 1549 1711 1631 magis
1743 1555 1970 1614 nostra
2005 1569 2197 1631 quam
2235 1547 2510 1613 auctori·
2532 1570 2584 1609 ιο

257 1661 392 1722 tate
441 1655 881 1721 ecclesiastica
922 1677 1221 1739 promere
1267 1655 1645 1737 videremur,
1696 1655 2060 1739 exemplum
2104 1654 2512 1719 adhibuimus

260 1764 464 1828 sancti
525 1763 805 1845 concilii,
877 1763 1052 1846 quod
1122 1769 1276 1827 ante
1339 1764 1689 1828 triennium
1747 1762 1945 1828 ferme
2003 1764 2071 1826 in
2119 1761 2285 1827 Asia
2338 1763 2514 1846 apud

260 1869 588 1952 Ephesum
634 1869 1032 1935 celebratum
1077 1876 1177 1935 est
1208 1870 1358 1935 viris
1404 1870 1777 1936 clarissimis
1808 1870 2019 1936 Basso
2052 1869 2513 1953 Antiochoque

269 1976 647 2041 consulibus,
742 1976 871 2041 Ubi
918 1998 1064 2041 cum
1111 1977 1192 2041 de
1240 1977 1603 2041 sanciendis
1650 1976 1801 2041 fidei
1847 1978 2086 2060 regulis
2119 1978 2512 2061 disceptare-

261 2089 379 2164 tur,
426 2106 508 2148 ne
556 2105 684 2166 qua
730 2083 861 2149 illic
907 2083 1180 2149 forsitan
1224 2084 1502 2167 profana
1532 2086 1785 2149 novitas
1816 2084 1883 2148 in
1915 2083 2173 2150 modum
2202 2082 2512 2169 perfidiae
2533 2106 2584 2144 15

258 2191 679 2255 Ariminensis
713 2191 1074 2274 obreperet,
1124 2192 1434 2256 universis
1467 2191 1934 2273 sacerdotibus,
1969 2192 2078 2274 qui
2106 2191 2215 2257 illo
2251 2191 2515 2256 ducenti

255 2296 388 2363 fere
434 2318 701 2363 numero
750 2304 1204 2380 convenerant,
1275 2298 1400 2363 hoc
1448 2298 2018 2363 catholicissimum
2071 2297 2512 2363 fidelissimum

254 2411 451 2488 atque
501 2406 817 2489 optimum
863 2405 1041 2470 factu
1087 2407 1286 2471 visum
1348 2411 1478 2488 est,
1550 2412 1625 2470 ut
1682 2407 1751 2470 in
1807 2406 2089 2471 medium
2145 2410 2513 2470 sanctorum

251 2518 505 2594 patrum
553 2512 910 2578 sententiae
957 2511 1420 2595 proferrentur,
1468 2533 1747 2595 quorum
1777 2512 1938 2577 alios
1970 2517 2301 2596 martyres,
2334 2511 2497 2577 alios

254 2620 678 2702 confessoreS,
728 2641 950 2686 omnes
982 2641 1132 2685 vero
1182 2619 1534 2685 catholicos
1584 2619 1957 2684 sacerdotes
2004 2618 2196 2683 fuisse
2245 2623 2313 2682 et
2358 2639 2499 2702 per·
2526 2646 2581 2685 20

251 2728 560 2792 mansisse
593 2734 956 2809 constaret3
1004 2733 1079 2791 ut
1109 2727 1353 2791 scilicet
1381 2727 1507 2791 rite
1539 2733 1739 2810 atque
1772 2726 2143 2791 solemniter
2174 2746 2254 2790 ex
2285 2746 2509 2790 eorum

254 2856 570 2900 consensu
616 2841 814 2918 atque
863 2837 1126 2901 decreto
1174 2834 1421 2917 antiqui
1468 2833 1788 2916 dogmatis
1835 2833 2059 2917 religio
2098 2831 2509 2898 confirmare·

253 2950 360 3007 tur
406 2948 472 3008 et
516 2943 828 3029 profanae
875 2943 1182 3008 novitatis
1228 2941 1633 3024 blasphemia
1664 2941 2231 3007 condemnaretur.
2316 2937 2512 3023 Quod

253 3071 398 3114 cum
442 3050 538 3115 ita
583 3049 829 3116 factum
873 3049 1063 3130 foret,
1124 3049 1261 3114 iure
1307 3051 1668 3132 meritoque
1714 3049 1947 3132 impius
2011 3049 2116 3114 ille
2162 3047 2510 3113 Nestorius

254 3157 615 3223 catholicae
660 3157 970 3224 vetustati
1028 3156 1423 3238 contrarius,
1492 3156 1725 3222 beatus
1771 3177 1924 3221 vero
1973 3152 2248 3241 Oyrillus
2295 3176 2509 3219 sacro·
2530 3179 2583 3238 8⁵

253 3271 518 3330 sanctae
574 3264 950 3348 antiquitati
1006 3269 1481 3328 consentaneus
1544 3262 1867 3328 iudicatus
1928 3268 2047 3326 est.
2141 3262 2233 3326 Et
2294 3268 2367 3326 ut
2425 3261 2512 3328 ad

251 3370 441 3436 fidem
485 3391 702 3435 rerum
748 3370 904 3435 nihil
937 3371 1208 3450 deesset,
1259 3369 1453 3434 etiam
1482 3370 1742 3434 nomina
1775 3374 1841 3434 et
1873 3390 2208 3433 numerum
2241 3407 2327 3417 —-
2360 3368 2511 3433 licet

253 3478 544 3544 ordinem
589 3477 927 3543 fuissemus
977 3477 1162 3542 obliti
1211 3477 1294 3523 '—
1342 3476 1655 3542 edidimus
1704 3497 1929 3542 eorum
1973 3481 2265 3559 patrum,
2327 3476 2510 3540 iuxta

251 3606 527 3668 quorum
571 3584 810 3650 ibidem
869 3585 1309 3650 concinentem
1366 3583 1486 3648 sibi
1547 3582 2060 3666 concordemque
2123 3583 2509 3647 sententiam

251 3700 318 3758 et
361 3692 561 3776 Legis
608 3713 831 3758 sacrae
877 3692 1215 3775 proloquia
1262 3692 1558 3774 exposita
1604 3695 1775 3773 sunt,
1824 3695 1892 3755 et
1938 3690 2132 3755 divini
2188 3689 2507 3773 dogmatis
2525 3714 2580 3754 ao

249 3800 472 3883 regula
518 3799 931 3865 constabilita
977 3805 1096 3882 est,
1145 3820 1311 3883 quos
1343 3798 1427 3863 ad
1459 3796 1968 3863 confirmandam
2000 3796 2370 3862 memoriam
2401 3796 2507 3878 hic

253 3928 507 3991 quoque
554 3929 892 3972 recensere
938 3928 1346 3990 nequaquam
1393 3903 1789 3986 superfluum
1836 3911 1956 3972 est.

431 4034 516 4086 15.
553 4035 625 4086 23
662 4032 731 4088 cf.
773 4034 822 4086 1.
861 4031 1003 4085 Tim.
1042 4033 1093 4100 6,
1131 4033 1218 4085 20.
