3092 4717
603 436 695 510 10,
1412 469 1417 480 .
1471 432 1592 487 VII
1629 432 1951 503 (11)-(12).

592 597 843 656 tantam
898 592 1113 658 laesae
1173 593 1431 677 pietatis
1491 596 1727 660 meruit
1787 594 2095 661 offensam
2114 644 2131 677 ,
2195 603 2273 661 ut
2336 595 2530 662 etiam
2595 596 2849 679 posteri

589 700 787 782 ipsius
817 700 1071 783 peccati
1103 702 1202 765 sui
1233 700 1589 766 maledictis
1622 702 2081 785 obligarentur,
2127 702 2336 768 beatis
2367 703 2494 768 illis
2525 703 2840 769 fratribus

590 806 862 869 multum
906 806 1229 890 longeque
1277 807 1631 889 dissimilis,
1695 810 1806 892 qui
1849 808 2211 874 nuditatem
2253 810 2462 893 ipsam
2508 811 2846 876 reverendi

589 913 795 996 patris
840 934 1052 997 neque
1101 914 1230 979 suis
1276 920 1593 981 temerare
1640 916 1837 980 oculis
1883 937 2093 999 neque
2138 915 2359 982 alienis
2390 924 2622 1001 patere
2663 918 2847 984 volu-

545 1029 811 1103 5erunt,
863 1021 974 1086 sed
1023 1022 1262 1104 aversi,
1311 1027 1384 1086 ut
1430 1022 1765 1105 scribitur,
1812 1029 2116 1089 texerunt
2162 1046 2337 1105 eum,
2388 1061 2476 1072 —
2524 1026 2699 1108 110011
2746 1030 2851 1089 est

590 1134 877 1193 erratum
924 1129 1136 1194 sancti
1179 1130 1296 1193 viri
1342 1151 1462 1195 nec
1509 1130 1907 1214 adprobasse
1952 1153 2070 1197 nec
2115 1132 2478 1216 prodidisse
2508 1171 2597 1181 —-
2644 1139 2847 1216 atque

587 1235 831 1301 idcirco
901 1237 1098 1303 beata
1151 1238 1217 1301 in
1285 1244 1585 1321 posteros
1639 1239 2089 1306 benedictione
2148 1239 2374 1305 donati
2432 1246 2601 1304 sunt.
2712 1238 2850 1304 Sed

590 1344 675 1409 ad
719 1346 1129 1428 propositum
1173 1345 1533 1410 redeamus
2779 1341 2782 1342 ⁷

766 1451 909 1537 (12)
957 1451 1203 1535 Magno
1247 1453 1444 1536 igitur
1487 1459 1665 1518 metu
1708 1454 1895 1520 nobis
1926 1456 2304 1520 immutatae
2334 1453 2486 1519 fidei
2526 1476 2602 1520 ac
2647 1460 2847 1520 teme-

519 1583 568 1621 11)
587 1564 767 1622 ratae
798 1557 1124 1641 religionis
1155 1559 1481 1642 piaculum
1509 1560 2092 1643 pertimescendum
2126 1567 2246 1644 est,
2293 1583 2333 1626 a
2375 1584 2503 1645 1100
2549 1584 2670 1628 1106
2715 1583 2848 1627 0011

587 1664 796 1730 6010111
827 1666 1301 1730 constitutionis
1336 1667 1811 1732 ecclesiasticae
1844 1667 2181 1750 disciplina
2213 1668 2326 1732 sed
2356 1670 2549 1734 etiam
2575 1691 2845 1734 censura

586 1772 984 1854 apostolicae
1032 1773 1321 1838 deterret
1351 1775 1782 1839 auctoritatis.
1855 1773 2103 1839 Scitum
2150 1776 2389 1839 etenim
2434 1778 2685 1840 cunctis
2720 1781 2840 1857 est,

587 1902 781 1963 quam
829 1882 1124 1964 graviter,
1175 1902 1368 1964 quam
1417 1902 1654 1962 severe,
1705 1904 1899 1966 quam
1939 1881 2352 1947 vehementer
2396 1883 2732 1948 invehatur
2776 1883 2845 1946 in

590 1987 903 2069 quosdam
950 1987 1180 2053 beatus
1228 1989 1567 2072 apostolus
1600 1989 1865 2072 Paulae,
1915 1991 2026 2074 qui
2068 1990 2231 2054 mira
2277 1989 2537 2055 levitate
2580 1991 2845 2054 nimium

516 2115 568 2155 15
590 2106 722 2161 cito
771 2096 1083 2161 translati
1127 2094 1385 2161 fuerant
1431 2101 1513 2161 ab
1565 2119 1665 2179 eo,
1715 2105 1829 2179 qui
1876 2118 1991 2162 eos
2036 2109 2387 2163 vocaverat
2432 2105 2504 2163 in
2547 2105 2844 2178 qratiam

600 2205 870 2285 Christi,
920 2212 993 2268 in
1025 2209 1218 2269 aliud
1245 2209 1683 2286 evangelium,
1730 2209 1909 2285 quod
1940 2225 2074 2268 non
2121 2215 2226 2269 est
2273 2208 2483 2284 aliud,
2530 2205 2641 2285 1101
2686 2222 2838 2267 coa-

591 2316 937 2374 cervarant
982 2314 1116 2374 sibi
1160 2318 1524 2391 mayistros
1574 2315 1667 2374 ad
1708 2331 1835 2374 sua
1881 2313 2247 2389 desideria,
2295 2331 2337 2373 a
2368 2316 2652 2373 veritate
2699 2312 2840 2389 qui-

590 2421 736 2482 dem
772 2420 1071 2481 auditum
1105 2426 1498 2497 avertentes,
1547 2416 1844 2481 conversi
1874 2437 2025 2479 vero
2061 2420 2152 2480 (ul
2183 2419 2484 2496 fabulas,
2524 2418 2843 2479 habentes

591 2528 1120 2604 damnationem,
1170 2526 1347 2604 quod
1374 2529 1671 2605 primam
1710 2526 1909 2602 fldem
1957 2530 2234 2587 inritam
2272 2527 2625 2605 fecissent3
2678 2543 2841 2606 11006

516 2659 570 2697 20
590 2631 984 2714 deceperant
1029 2630 1125 2713 hi,
1189 2630 1269 2693 de
1330 2628 1563 2712 quibus
1610 2629 1694 2695 ad
1739 2629 2074 2694 Romanos
2120 2630 2355 2695 fratres
2403 2630 2627 2695 scribit
2670 2629 2842 2694 idem

589 2738 954 2820 apostolus:
1003 2759 1169 2819 roqo
1217 2748 1437 2803 autem
1485 2759 1627 2821 cos,
1663 2723 1952 2820 fratres,
2003 2748 2079 2803 ut
2123 2742 2493 2803 observetis
2540 2760 2677 2819 eos,
2728 2746 2844 2820 qui

590 2848 1050 2911 dissensiones
1110 2855 1181 2910 et
1224 2849 1632 2924 offendicula
1667 2856 1950 2928 praeter
1995 2849 2391 2926 doctrinam,
2461 2866 2656 2926 quam
2701 2852 2841 2928 ipsi

590 2955 952 3034 didicistis,
989 2956 1284 3034 faciunt,
1343 2962 1414 3017 et
1453 2956 1786 3018 declinate
1833 2957 1914 3017 ab
1962 2958 2122 3018 illis.
2219 2956 2615 3018 Huiusmodi
2662 2959 2838 3018 enim

598 3062 860 3125 Christo
893 3063 1159 3125 domino
1191 3080 1322 3124 non
1352 3067 1677 3142 serviunt,
1723 3064 1849 3125 sed
1890 3081 2011 3125 suo
2045 3068 2298 3143 ventri,·
2346 3069 2412 3125 et
2446 3081 2580 3143 per
2610 3064 2840 3125 dulces

516 3193 570 3233 25
590 3187 937 3233 sermones
1002 3177 1072 3231 et
1135 3170 1632 3232 benedictiones
1699 3171 2027 3231 seducunt
2078 3170 2284 3231 corda
2352 3174 2842 3248 innocentium,-

591 3282 705 3356 qui
744 3281 1003 3339 intrant
1036 3295 1167 3357 per
1198 3278 1430 3339 domos
1461 3284 1532 3339 et
1566 3280 1866 3357 captivas
1911 3278 2158 3339 ducunt
2204 3278 2640 3338 mulierculas
2688 3294 2839 3338 one-

589 3392 782 3447 ratas
824 3390 1164 3465 peccatis,
1226 3402 1396 3463 quae
1454 3385 1787 3447 ducuntur
1842 3388 2056 3446 variis
2115 3384 2512 3462 desideriis,
2572 3401 2838 3463 semper

590 3495 923 3557 discentes
957 3501 1027 3555 et
1067 3494 1160 3555 ad
1200 3496 1552 3555 scientiam
1596 3496 1909 3555 veritatis
1939 3509 2294 3569 numquam
2335 3496 2840 3570 pervenientes;

591 3602 932 3679 vaniloqui
977 3606 1046 3662 et
1089 3600 1514 3677 seductores,
1576 3603 1691 3678 qui
1750 3604 2103 3661 universas
2149 3598 2383 3660 domos
2422 3599 2834 3675 subvertunt,

518 3731 571 3770 30
591 3708 939 3787 docentes,
1000 3726 1169 3786 quae
1213 3726 1346 3769 non
1393 3714 1675 3788 oportet,
1727 3711 1945 3786 turpis
1991 3708 2164 3768 lucri
2205 3710 2470 3786 qratia;
2529 3707 2831 3768 homines

771 3849 839 3901 15
877 3848 998 3902 eal.
1041 3849 1088 3914 1,
1128 3849 1176 3902 6.
1204 3849 1253 3900 7.
1473 3849 1540 3900 16
1578 3849 1629 3899 2.
1667 3846 1809 3899 Tim.
1845 3848 1898 3912 4,
1938 3848 1986 3902 3.
2013 3849 2065 3900 4.
2286 3847 2354 3900 13
2394 3848 2442 3899 1.
2481 3845 2621 3897 Tim.
2661 3843 2711 3911 5,
2753 3842 2836 3895 12.

591 3938 658 3989 21
698 3935 862 3991 Rom.
893 3939 978 4004 16,
1018 3938 1210 3992 17.16.
1356 3938 1425 3990 26
1463 3939 1516 3990 2.
1541 3935 1685 3989 Tim.
1712 3938 1762 4003 3,
1802 3937 1850 3988 6.
1871 3938 1921 3989 7.
2067 3937 2138 3989 29
2176 3935 2284 3989 Tit.
2313 3936 2361 4002 1,
2403 3936 2486 3989 10.
2632 3934 2701 3986 29
2727 3931 2836 3985 Tit.

592 4028 640 4093 1,
682 4028 766 4083 11.
982 4029 1054 4080 30
1088 4030 1141 4081 2.
1179 4026 1321 4080 Tim.
1361 4029 1411 4093 3,
1451 4029 1520 4090 6.,
