3092 4717
1162 468 1220 523 x
1258 440 1534 537 (15)-ΧΙ
1571 468 1706 535 (16).
2475 470 2555 531 15

297 655 498 718 quem
542 637 616 695 tu
662 630 1076 714 prophetam,
1140 651 1333 712 quem
1377 629 1843 712 prophetarum
1890 628 2300 711 discipulum,
2367 648 2558 710 quem

302 741 641 806 doctorem
689 743 756 802 et
802 737 1207 802 adsertorem
1252 737 1541 802 veritatis
1587 741 1798 819 puteS‚
1848 756 2040 818 quem
2086 756 2332 800 summa
2376 756 2559 800 vene-

299 848 556 913 ratione
587 851 654 910 et
685 865 906 910 amore
940 844 1310 927 complexus
1342 844 1450 925 sis,
1496 844 1554 908 is
1587 843 1804 909 subito
1836 843 2118 909 latenter
2147 844 2377 907 noxios
2410 841 2556 906 sub·

296 955 572 1020 inducat
625 969 879 1017 errores
901 1000 919 1033 ,
980 971 1145 1033 quos
1213 971 1334 1015 nec
1382 950 1512 1015 cito
1562 950 2044 1034 deprehendere
2094 950 2345 1033 valeaS,
2405 950 2560 1014 dum

304 1061 557 1144 antiqui
598 1059 950 1142 magisterii
981 1058 1234 1123 duceris
1280 1058 1699 1141 praeiudicio,
1746 1079 1865 1122 nec
1896 1057 2082 1123 facile
2115 1057 2418 1123 damnare
2443 1057 2558 1121 du·
2578 1079 2604 1118 5

310 1169 403 1233 cis
442 1168 557 1250 fas,
603 1167 756 1231 dum
801 1166 1091 1248 magistri
1124 1166 1357 1231 veteris
1402 1166 1798 1248 praepediris
1846 1165 2126 1233 adfectu.

483 1275 613 1339 XI.
647 1276 787 1358 (16)
818 1274 951 1337 Hic
981 1273 1254 1339 forsitan
1285 1272 1599 1355 efflagitet
1631 1273 1878 1355 aliquiS,
1912 1278 1986 1337 ut
2019 1295 2115 1355 ea,
2149 1293 2316 1355 quae
2352 1272 2560 1336 sancti

300 1382 524 1466 Moysi
571 1382 779 1448 verbis
828 1381 1091 1446 adserta
1160 1386 1340 1462 sunt,
1408 1380 1861 1445 ecclesiasticis
1926 1380 2248 1463 aliquibus
2297 1380 2556 1445 demon·

299 1495 598 1555 strentur
660 1488 984 1571 exemplis.
1077 1487 1316 1571 Aequa
1377 1487 1813 1570 expostulatio
1861 1508 1980 1552 nec
2028 1487 2136 1551 diu
2185 1486 2555 1554 differenda.

297 1596 479 1662 Nam
548 1601 622 1660 ut
690 1618 731 1660 a
788 1596 1096 1679 proximis
1167 1600 1234 1659 et
1280 1595 1637 1660 manifestis
1683 1594 1999 1677 incipiam,
2061 1595 2313 1677 qualem
2360 1594 2630 1660 fuissem

299 1724 515 1785 nuper
563 1702 994 1767 tentationem
1040 1707 1380 1785 putamus,
1430 1722 1577 1765 cum
1621 1701 1842 1765 infelix
1885 1701 1993 1765 ille
2037 1700 2407 1783 NestoriuS,
2457 1723 2559 1765 su-

298 1812 440 1877 bito
513 1832 594 1875 ex
666 1830 784 1875 ove
853 1830 1198 1874 conversus
1259 1809 1326 1873 in
1370 1809 1628 1892 lupum,
1679 1830 1938 1892 gregem
1984 1808 2229 1873 Christi
2270 1809 2560 1873 lacerare

304 1918 653 2001 coepisset,
718 1939 864 1982 cum
920 1933 1068 1982 eum
1119 1917 1186 1981 hi
1230 1917 1373 1999 ipsi,
1425 1916 1534 1999 qui
1579 1916 1995 1997 rodebantur,
2044 1937 2124 1981 ex
2169 1937 2404 1999 magna
2448 1918 2559 1981 ad-

310 2025 437 2089 huc
481 2030 661 2107 parte
708 2046 892 2089 ovem
939 2024 1298 2106 crederent,
1344 2024 1622 2107 ideoque
1668 2024 1987 2088 morsibus
2035 2025 2166 2088 suis
2211 2026 2416 2108 magis
2449 2047 2559 2108 pa-

311 2132 570 2195 terent?
628 2130 799 2197 Nam
832 2132 977 2215 quis
1010 2152 1155 2196 eum
1186 2131 1374 2196 facile
1407 2152 1623 2195 errare
1655 2131 2098 2214 arbitraretur,
2148 2152 2338 2214 quem
2370 2138 2555 2197 tanto
2580 2156 2630 2194 15

306 2238 558 2321 imperii
601 2238 833 2304 iudicio
883 2240 1177 2318 electum,
1227 2245 1415 2304 tanto
1452 2238 1867 2303 sacerdotum
1899 2238 2112 2303 studio
2143 2245 2558 2322 prosecutum

299 2344 585 2427 videret,
637 2347 788 2429 qui,
840 2367 986 2410 cum
1033 2367 1268 2429 magno
1318 2352 1690 2411 sanctorum
1739 2367 1993 2427 amore,
2041 2368 2288 2412 summo
2336 2346 2559 2431 populi

300 2453 525 2517 favore
574 2452 1038 2536 celebraretur,
1089 2454 1378 2535 quotidie
1427 2453 1639 2535 palam
1687 2452 1900 2517 divina
1944 2454 2272 2519 tractabat
2305 2455 2561 2538 eloquia

304 2565 371 2623 et
416 2561 646 2625 noxios
696 2581 987 2642 quosque
1037 2560 1086 2624 J
1090 2560 1439 2625 udaeorum
1488 2565 1555 2625 et
1602 2561 1930 2642 gentilium
1979 2561 2357 2628 confutabat
2389 2584 2557 2629 erro-

306 2666 455 2730 res‘?
535 2664 683 2749 Quo
756 2666 1021 2731 tandem
1087 2667 1211 2731 iste
1266 2667 1458 2731 modo
1518 2689 1650 2732 non
1698 2668 1895 2732 cuivis
1939 2666 2131 2732 fidem
2177 2670 2442 2752 faceret,
2490 2691 2558 2735 se
2579 2695 2631 2733 20

304 2778 484 2837 recta
517 2772 775 2855 docere,
822 2780 1007 2837 recta
1036 2773 1434 2855 praedicare,
1467 2779 1652 2838 recta
1682 2775 1939 2856 sentire,
1988 2776 2118 2856 qui,
2167 2782 2240 2840 ut
2270 2779 2380 2841 uni
2409 2778 2558 2842 hae·

300 2879 432 2944 resi
479 2900 636 2944 suae
683 2880 927 2945 aditum
974 2878 1390 2962 patefaceret,
1440 2885 1819 2945 cunctarum
1863 2881 2219 2947 haereseon
2265 2883 2557 2966 blasphe-

286 2986 462 3072 *mias
510 2986 1014 3051 insectabatur?
1094 2985 1225 3051 Sed
1280 2986 1406 3051 hoc
1464 2992 1604 3051 erat
1650 2987 1840 3068 illud,
1904 2989 2082 3070 quod
2126 2989 2389 3074 Moyses
2436 2991 2555 3055 ait:

302 3102 526 3158 tentat
557 3114 675 3158 vos
707 3097 1016 3159 dominus
1048 3097 1213 3159 deus
1244 3104 1486 3174 vester,
1520 3101 1586 3159 si
1615 3097 1921 3176 diliyatz‘s
1953 3115 2099 3160 eum
2134 3117 2221 3160 an
2251 3118 2402 3161 non.

481 3200 577 3263 Et
623 3205 698 3264 ut
733 3200 1114 3266 Nestorium
1163 3205 1622 3282 pratereamus,
1671 3202 1738 3264 in
1785 3223 1913 3284 quo
1957 3202 2102 3284 plus
2151 3223 2403 3285 semper
2446 3204 2557 3268 ad·
2578 3225 2631 3265 25

305 3306 661 3371 mirationis
711 3329 901 3390 quam
949 3307 1269 3389 utilitatis,
1313 3309 1455 3390 plus
1488 3307 1698 3373 famae
1732 3329 1923 3390 quam
1955 3310 2385 3390 experientiae
2416 3309 2556 3389 fuit,

318 3433 498 3493 quem
570 3416 874 3497 opinione
943 3416 1113 3498 vulgi
1183 3415 1553 3498 aliquandiu
1630 3437 1931 3498 magnum
2007 3415 2289 3481 humana
2356 3418 2559 3500 magis

312 3518 551 3584 fecerat
597 3523 809 3603 gratia
855 3544 1051 3605 quam
1097 3522 1326 3603 divina,
1378 3544 1489 3588 eos
1535 3523 1755 3604 potius
1803 3544 2398 3607 commemoremus,
2448 3525 2559 3608 qui

306 3625 527 3690 multis
586 3628 987 3720 profectibus
1052 3629 1382 3711 multaque
1441 3629 1762 3694 industria
1805 3630 2082 3714 praediti
2146 3653 2278 3696 non
2323 3652 2559 3714 parvae

306 3734 653 3800 tentationi
724 3735 1055 3800 catholicis
1122 3734 1488 3800 hominibus
1583 3737 1954 3800 extiterunt.
2115 3737 2320 3805 Velut
2388 3740 2559 3822 apud
2580 3765 2631 3804 30

309 3838 686 3907 Pannonias
757 3843 1072 3907 maiorum
1137 3843 1449 3907 memoria
1504 3842 1826 3907 Photinus
1886 3845 2222 3909 ecclesiam
2268 3843 2557 3911 Sirmita·

489 4075 554 4126 11
599 4073 665 4127 cf.
691 4074 810 4128 JeS.
846 4076 936 4141 40,
976 4075 1060 4128 11.
1103 4073 1305 4129 Ezech.
1343 4073 1432 4128 37.
1475 4074 1608 4130 Joh.
1651 4076 1734 4144 10,
1778 4078 1859 4128 12.
1939 4131 1946 4137 ,
2001 4078 2073 4130 24
2108 4076 2270 4130 Deut.
2313 4080 2397 4146 13,
2435 4080 2486 4133 3.
