<?xml version="1.0" encoding="UTF-8"?>
<!DOCTYPE html PUBLIC "-//W3C//DTD XHTML 1.0 Transitional//EN"
    "http://www.w3.org/TR/xhtml1/DTD/xhtml1-transitional.dtd">
<html xmlns="http://www.w3.org/1999/xhtml" xml:lang="en" lang="en">
 <head>
  <title>
</title>
<meta http-equiv="Content-Type" content="text/html;charset=utf-8" />
  <meta name='ocr-system' content='tesseract 3.04.00' />
  <meta name='ocr-capabilities' content='ocr_page ocr_carea ocr_par ocr_line ocrx_word'/>
</head>
<body>
  <div class='ocr_page' id='page_1' title='image "./vincenzvonlerin01jlgoog_0073.png"; bbox 0 0 3092 4717; ppageno 0'>
   <div class='ocr_carea' id='block_1_1' title="bbox 428 578 516 630">
    <p class='ocr_par' dir='ltr' id='par_1_1' title="bbox 428 578 516 630">
     <span class='ocr_line' id='line_1_1' title="bbox 428 578 516 630; baseline 0 -1"><span class='ocrx_word' id='word_1_1' title='bbox 428 578 516 630; x_wconf 90' lang='lat'><strong>12.</strong></span> 
     </span>
    </p>
   </div>
   <div class='ocr_carea' id='block_1_2' title="bbox 2238 0 3055 4">
    <p class='ocr_par' dir='ltr' id='par_1_2' title="bbox 2238 0 3055 4">
     <span class='ocr_line' id='line_1_2' title="bbox 2238 0 3055 4; baseline 0 0"><span class='ocrx_word' id='word_1_2' title='bbox 2238 0 3055 4; x_wconf 95' lang='lat' dir='ltr'><strong> </strong></span> 
     </span>
    </p>
   </div>
   <div class='ocr_carea' id='block_1_3' title="bbox 958 411 2549 483">
    <p class='ocr_par' dir='ltr' id='par_1_3' title="bbox 958 411 2549 483">
     <span class='ocr_line' id='line_1_3' title="bbox 958 411 2549 483; baseline -0.005 -15"><span class='ocrx_word' id='word_1_3' title='bbox 958 413 1391 483; x_wconf 83' lang='lat' dir='ltr'><strong>Anmerkungen</strong></span> <span class='ocrx_word' id='word_1_4' title='bbox 1428 430 1524 466; x_wconf 88' lang='lat' dir='ltr'><strong>zur</strong></span> <span class='ocrx_word' id='word_1_5' title='bbox 1561 411 1894 466; x_wconf 85' lang='lat' dir='ltr'><strong>Textkritik.</strong></span> <span class='ocrx_word' id='word_1_6' title='bbox 2466 413 2549 473; x_wconf 86' lang='lat'><strong>55</strong></span> 
     </span>
    </p>
   </div>
   <div class='ocr_carea' id='block_1_4' title="bbox 589 574 1229 643">
    <p class='ocr_par' dir='ltr' id='par_1_4' title="bbox 589 574 1229 643">
     <span class='ocr_line' id='line_1_4' title="bbox 589 574 1229 643; baseline -0.006 -13"><span class='ocrx_word' id='word_1_7' title='bbox 589 576 825 642; x_wconf 80' lang='lat' dir='ltr'><strong>ecclesia,</strong></span> <span class='ocrx_word' id='word_1_8' title='bbox 862 592 926 643; x_wconf 89' lang='lat' dir='ltr'><strong>p:</strong></span> <span class='ocrx_word' id='word_1_9' title='bbox 966 574 1229 628; x_wconf 64' lang='lat' dir='ltr'><strong>ecclesiis</strong></span> 
     </span>
    </p>
   </div>
   <div class='ocr_carea' id='block_1_5' title="bbox 428 663 1552 732">
    <p class='ocr_par' dir='ltr' id='par_1_5' title="bbox 428 663 1552 732">
     <span class='ocr_line' id='line_1_5' title="bbox 428 663 1552 732; baseline -0.003 -14"><span class='ocrx_word' id='word_1_10' title='bbox 428 667 515 718; x_wconf 87' lang='lat'><strong>13.</strong></span> <span class='ocrx_word' id='word_1_11' title='bbox 556 666 639 718; x_wconf 92' lang='grc'><strong>14.</strong></span> <span class='ocrx_word' id='word_1_12' title='bbox 714 666 933 732; x_wconf 83' lang='lat' dir='ltr'><strong>clamat,</strong></span> <span class='ocrx_word' id='word_1_13' title='bbox 972 681 997 717; x_wconf 87' lang='lat' dir='ltr'><strong>s</strong></span> <span class='ocrx_word' id='word_1_14' title='bbox 1035 663 1295 717; x_wconf 87' lang='lat' dir='ltr'><strong>dreimal:</strong></span> <span class='ocrx_word' id='word_1_15' title='bbox 1336 663 1552 716; x_wconf 85' lang='lat' dir='ltr'><strong>clamet.</strong></span> 
     </span>
    </p>
   </div>
   <div class='ocr_carea' id='block_1_6' title="bbox 424 756 515 1074">
    <p class='ocr_par' dir='ltr' id='par_1_6' title="bbox 424 756 515 1074">
     <span class='ocr_line' id='line_1_6' title="bbox 429 756 481 807; baseline -0.019 0"><span class='ocrx_word' id='word_1_16' title='bbox 429 756 481 807; x_wconf 89' lang='lat'><strong>1.</strong></span> 
     </span>
     <span class='ocr_line' id='line_1_7' title="bbox 426 846 480 898; baseline 0.037 -2"><span class='ocrx_word' id='word_1_17' title='bbox 426 846 480 898; x_wconf 87' lang='lat'><strong>7.</strong></span> 
     </span>
     <span class='ocr_line' id='line_1_8' title="bbox 424 934 479 985; baseline 0.018 -1"><span class='ocrx_word' id='word_1_18' title='bbox 424 934 479 985; x_wconf 88' lang='grc'><strong>9.</strong></span> 
     </span>
     <span class='ocr_line' id='line_1_9' title="bbox 427 1023 515 1074; baseline -0.011 0"><span class='ocrx_word' id='word_1_19' title='bbox 427 1023 457 1074; x_wconf 95' lang='grc'><strong>1</strong></span> <span class='ocrx_word' id='word_1_20' title='bbox 503 1060 515 1073; x_wconf 93' lang='grc'><strong>.</strong></span> 
     </span>
    </p>
   </div>
   <div class='ocr_carea' id='block_1_7' title="bbox 427 1112 518 1162">
    <p class='ocr_par' dir='ltr' id='par_1_7' title="bbox 427 1112 518 1162">
     <span class='ocr_line' id='line_1_10' title="bbox 427 1112 518 1162; baseline 0 0"><span class='ocrx_word' id='word_1_21' title='bbox 427 1112 518 1162; x_wconf 84' lang='grc'><strong>30.</strong></span> 
     </span>
    </p>
   </div>
   <div class='ocr_carea' id='block_1_8' title="bbox 587 752 2557 1624">
    <p class='ocr_par' dir='ltr' id='par_1_8' title="bbox 591 752 1382 823">
     <span class='ocr_line' id='line_1_11' title="bbox 591 752 1382 823; baseline -0.004 -16"><span class='ocrx_word' id='word_1_22' title='bbox 591 754 909 823; x_wconf 76' lang='lat' dir='ltr'><strong>mayisterii,</strong></span> <span class='ocrx_word' id='word_1_23' title='bbox 948 770 973 806; x_wconf 85' lang='lat' dir='ltr'><strong>s</strong></span> <span class='ocrx_word' id='word_1_24' title='bbox 1009 771 1079 821; x_wconf 79' lang='lat' dir='ltr'><strong>p:</strong></span> <span class='ocrx_word' id='word_1_25' title='bbox 1115 752 1382 822; x_wconf 72' lang='lat' dir='ltr'><strong>magistri.</strong></span> 
     </span>
    </p>

    <p class='ocr_par' dir='ltr' id='par_1_9' title="bbox 587 842 1300 913">
     <span class='ocr_line' id='line_1_12' title="bbox 587 842 1300 913; baseline -0.003 -16"><span class='ocrx_word' id='word_1_26' title='bbox 587 844 888 913; x_wconf 68' lang='lat' dir='ltr'><strong>yentilibuS,</strong></span> <span class='ocrx_word' id='word_1_27' title='bbox 927 843 989 895; x_wconf 90' lang='lat' dir='ltr'><strong>b:</strong></span> <span class='ocrx_word' id='word_1_28' title='bbox 1028 842 1300 911; x_wconf 74' lang='lat' dir='ltr'><strong>gentibue.</strong></span> 
     </span>
    </p>

    <p class='ocr_par' dir='ltr' id='par_1_10' title="bbox 592 931 1194 1000">
     <span class='ocr_line' id='line_1_13' title="bbox 592 931 1194 1000; baseline -0.005 -15"><span class='ocrx_word' id='word_1_29' title='bbox 592 933 730 1000; x_wconf 74' lang='lat' dir='ltr'><strong>quis,</strong></span> <span class='ocrx_word' id='word_1_30' title='bbox 770 932 789 985; x_wconf 89' lang='lat' dir='ltr'><strong>i</strong></span> <span class='ocrx_word' id='word_1_31' title='bbox 826 932 888 984; x_wconf 87' lang='lat' dir='ltr'><strong>b:</strong></span> <span class='ocrx_word' id='word_1_32' title='bbox 930 931 1038 999; x_wconf 91' lang='lat' dir='ltr'><strong>qui.</strong></span> <span class='ocrx_word' id='word_1_33' title='bbox 1077 936 1194 983; x_wconf 82' lang='lat'><strong>—?</strong></span> 
     </span>
    </p>

    <p class='ocr_par' dir='ltr' id='par_1_11' title="bbox 588 1019 1356 1091">
     <span class='ocr_line' id='line_1_14' title="bbox 588 1019 1356 1091; baseline -0.005 -16"><span class='ocrx_word' id='word_1_34' title='bbox 588 1021 953 1091; x_wconf 73' lang='lat' dir='ltr'><strong>siqnifi&#39;catur,</strong></span> <span class='ocrx_word' id='word_1_35' title='bbox 991 1020 1053 1073; x_wconf 88' lang='lat' dir='ltr'><strong>b:</strong></span> <span class='ocrx_word' id='word_1_36' title='bbox 1093 1019 1356 1089; x_wconf 82' lang='lat' dir='ltr'><strong>signatur.</strong></span> 
     </span>
    </p>

    <p class='ocr_par' dir='ltr' id='par_1_12' title="bbox 593 1107 1713 1177">
     <span class='ocr_line' id='line_1_15' title="bbox 593 1107 1713 1177; baseline -0.005 -13"><span class='ocrx_word' id='word_1_37' title='bbox 593 1111 848 1164; x_wconf 80' lang='lat' dir='ltr'><strong>dominus</strong></span> <span class='ocrx_word' id='word_1_38' title='bbox 883 1110 1081 1177; x_wconf 78' lang='lat' dir='ltr'><strong>inquit,</strong></span> <span class='ocrx_word' id='word_1_39' title='bbox 1118 1109 1182 1162; x_wconf 90' lang='lat' dir='ltr'><strong>b:</strong></span> <span class='ocrx_word' id='word_1_40' title='bbox 1220 1108 1403 1175; x_wconf 87' lang='lat' dir='ltr'><strong>inquit</strong></span> <span class='ocrx_word' id='word_1_41' title='bbox 1440 1107 1713 1160; x_wconf 80' lang='lat' dir='ltr'><strong>dominuS.</strong></span> 
     </span>
    </p>

    <p class='ocr_par' dir='ltr' id='par_1_13' title="bbox 590 1197 1555 1266">
     <span class='ocr_line' id='line_1_16' title="bbox 590 1197 1555 1266; baseline -0.005 -14"><span class='ocrx_word' id='word_1_42' title='bbox 590 1201 641 1252; x_wconf 73' lang='lat' dir='ltr'><strong>is</strong></span> <span class='ocrx_word' id='word_1_43' title='bbox 675 1200 866 1266; x_wconf 69' lang='lat' dir='ltr'><strong>subito,</strong></span> <span class='ocrx_word' id='word_1_44' title='bbox 908 1198 949 1250; x_wconf 81' lang='lat' dir='ltr'>G</span> <span class='ocrx_word' id='word_1_45' title='bbox 988 1197 1045 1250; x_wconf 88' lang='lat' dir='ltr'><strong>K</strong></span> <span class='ocrx_word' id='word_1_46' title='bbox 1082 1215 1146 1266; x_wconf 91' lang='lat' dir='ltr'><strong>p:</strong></span> <span class='ocrx_word' id='word_1_47' title='bbox 1186 1197 1232 1250; x_wconf 89' lang='lat' dir='ltr'><strong>is</strong></span> <span class='ocrx_word' id='word_1_48' title='bbox 1271 1198 1317 1249; x_wconf 91' lang='lat' dir='ltr'><strong>si</strong></span> <span class='ocrx_word' id='word_1_49' title='bbox 1354 1197 1555 1250; x_wconf 80' lang='lat' dir='ltr'><strong>subito,</strong></span> 
     </span>
    </p>

    <p class='ocr_par' dir='ltr' id='par_1_14' title="bbox 592 1283 2225 1354">
     <span class='ocr_line' id='line_1_17' title="bbox 592 1283 2225 1354; baseline -0.003 -12"><span class='ocrx_word' id='word_1_50' title='bbox 592 1289 749 1342; x_wconf 79' lang='lat' dir='ltr'><strong>ducis</strong></span> <span class='ocrx_word' id='word_1_51' title='bbox 779 1286 877 1352; x_wconf 79' lang='lat' dir='ltr'><strong>fas</strong></span> <span class='ocrx_word' id='word_1_52' title='bbox 911 1286 1053 1340; x_wconf 90' lang='lat' dir='ltr'><strong>nach</strong></span> <span class='ocrx_word' id='word_1_53' title='bbox 1093 1305 1117 1339; x_wconf 90' lang='lat' dir='ltr'><strong>s</strong></span> <span class='ocrx_word' id='word_1_54' title='bbox 1154 1305 1222 1354; x_wconf 83' lang='lat' dir='ltr'><strong>p3</strong></span> <span class='ocrx_word' id='word_1_55' title='bbox 1262 1286 1324 1340; x_wconf 92' lang='lat' dir='ltr'><strong>b:</strong></span> <span class='ocrx_word' id='word_1_56' title='bbox 1362 1284 1443 1339; x_wconf 88' lang='lat' dir='ltr'><strong>fas</strong></span> <span class='ocrx_word' id='word_1_57' title='bbox 1482 1285 1667 1351; x_wconf 83' lang='lat' dir='ltr'><strong>ducas,</strong></span> <span class='ocrx_word' id='word_1_58' title='bbox 1706 1285 1750 1337; x_wconf 87' lang='lat' dir='ltr'><strong>i:</strong></span> <span class='ocrx_word' id='word_1_59' title='bbox 1788 1283 1870 1337; x_wconf 86' lang='lat' dir='ltr'><strong>fas</strong></span> <span class='ocrx_word' id='word_1_60' title='bbox 1909 1283 2081 1337; x_wconf 88' lang='lat' dir='ltr'><strong>ducis.</strong></span> <span class='ocrx_word' id='word_1_61' title='bbox 2119 1290 2225 1337; x_wconf 88' lang='lat'><strong>—-?</strong></span> 
     </span>
    </p>

    <p class='ocr_par' dir='ltr' id='par_1_15' title="bbox 591 1373 1958 1443">
     <span class='ocr_line' id='line_1_18' title="bbox 591 1373 1958 1443; baseline -0.004 -12"><span class='ocrx_word' id='word_1_62' title='bbox 591 1379 708 1431; x_wconf 76' lang='lat' dir='ltr'><strong>suis</strong></span> <span class='ocrx_word' id='word_1_63' title='bbox 744 1377 886 1430; x_wconf 84' lang='lat' dir='ltr'><strong>nach</strong></span> <span class='ocrx_word' id='word_1_64' title='bbox 923 1375 1011 1430; x_wconf 81' lang='lat' dir='ltr'><strong>R¹</strong></span> <span class='ocrx_word' id='word_1_65' title='bbox 1050 1374 1092 1428; x_wconf 81' lang='lat' dir='ltr'>O</span> <span class='ocrx_word' id='word_1_66' title='bbox 1131 1376 1189 1428; x_wconf 90' lang='lat' dir='ltr'>K</span> <span class='ocrx_word' id='word_1_67' title='bbox 1224 1375 1318 1442; x_wconf 73' lang='lat' dir='ltr'><strong>b33</strong></span> <span class='ocrx_word' id='word_1_68' title='bbox 1359 1374 1449 1428; x_wconf 79' lang='lat' dir='ltr'><strong>R²</strong></span> <span class='ocrx_word' id='word_1_69' title='bbox 1486 1392 1511 1428; x_wconf 87' lang='lat' dir='ltr'><strong>s</strong></span> <span class='ocrx_word' id='word_1_70' title='bbox 1549 1391 1587 1443; x_wconf 99' lang='grc' dir='ltr'><strong><em>Ρ</em></strong></span> <span class='ocrx_word' id='word_1_71' title='bbox 1626 1374 1699 1427; x_wconf 89' lang='lat' dir='ltr'><strong>b¹</strong></span> <span class='ocrx_word' id='word_1_72' title='bbox 1741 1373 1786 1426; x_wconf 75' lang='lat'><strong>²:</strong></span> <span class='ocrx_word' id='word_1_73' title='bbox 1826 1374 1958 1427; x_wconf 78' lang='lat' dir='ltr'><strong>eius,</strong></span> 
     </span>
    </p>

    <p class='ocr_par' dir='ltr' id='par_1_16' title="bbox 591 1462 2557 1624">
     <span class='ocr_line' id='line_1_19' title="bbox 591 1462 2557 1535; baseline -0.003 -14"><span class='ocrx_word' id='word_1_74' title='bbox 591 1483 825 1535; x_wconf 76' lang='lat' dir='ltr'><strong>quosque</strong></span> <span class='ocrx_word' id='word_1_75' title='bbox 860 1465 1002 1519; x_wconf 87' lang='lat' dir='ltr'><strong>nach</strong></span> <span class='ocrx_word' id='word_1_76' title='bbox 1040 1466 1061 1517; x_wconf 89' lang='lat' dir='ltr'><strong>i</strong></span> <span class='ocrx_word' id='word_1_77' title='bbox 1098 1465 1162 1531; x_wconf 85' lang='lat' dir='ltr'><strong>b3</strong></span> <span class='ocrx_word' id='word_1_78' title='bbox 1202 1482 1226 1516; x_wconf 86' lang='lat' dir='ltr'><strong>s</strong></span> <span class='ocrx_word' id='word_1_79' title='bbox 1263 1482 1329 1533; x_wconf 91' lang='lat' dir='ltr'><strong>p:</strong></span> <span class='ocrx_word' id='word_1_80' title='bbox 1372 1480 1608 1531; x_wconf 90' lang='lat' dir='ltr'><strong>quoque.</strong></span> <span class='ocrx_word' id='word_1_81' title='bbox 1648 1469 1753 1515; x_wconf 81' lang='lat'><strong>—‘?</strong></span> <span class='ocrx_word' id='word_1_82' title='bbox 1806 1462 1933 1534; x_wconf 86' lang='lat' dir='ltr'><strong>Vgl.</strong></span> <span class='ocrx_word' id='word_1_83' title='bbox 1973 1465 2059 1528; x_wconf 80' lang='lat'><strong>43,</strong></span> <span class='ocrx_word' id='word_1_84' title='bbox 2102 1464 2185 1514; x_wconf 87' lang='lat'><strong>14.</strong></span> <span class='ocrx_word' id='word_1_85' title='bbox 2228 1464 2320 1514; x_wconf 81' lang='lat'><strong>15:</strong></span> <span class='ocrx_word' id='word_1_86' title='bbox 2358 1462 2557 1516; x_wconf 88' lang='lat' dir='ltr'><strong>noxios</strong></span> 
     </span>
     <span class='ocr_line' id='line_1_20' title="bbox 593 1571 1163 1624; baseline -0.005 -15"><span class='ocrx_word' id='word_1_87' title='bbox 593 1572 838 1624; x_wconf 85' lang='lat' dir='ltr'><strong>quosque</strong></span> <span class='ocrx_word' id='word_1_88' title='bbox 858 1595 872 1610; x_wconf 92' lang='lat'><strong>.</strong></span> <span class='ocrx_word' id='word_1_89' title='bbox 895 1596 906 1606; x_wconf 93' lang='lat'><strong>.</strong></span> <span class='ocrx_word' id='word_1_90' title='bbox 928 1571 1163 1608; x_wconf 77' lang='lat' dir='ltr'><strong>errores,</strong></span> 
     </span>
    </p>
   </div>
   <div class='ocr_carea' id='block_1_9' title="bbox 501 1644 2562 1802">
    <p class='ocr_par' dir='ltr' id='par_1_17' title="bbox 501 1644 2562 1802">
     <span class='ocr_line' id='line_1_21' title="bbox 504 1644 960 1699; baseline -0.002 -2"><span class='ocrx_word' id='word_1_91' title='bbox 504 1686 516 1697; x_wconf 90' lang='lat'><strong>.</strong></span> <span class='ocrx_word' id='word_1_92' title='bbox 590 1647 690 1699; x_wconf 78' lang='lat' dir='ltr'><strong>iste</strong></span> <span class='ocrx_word' id='word_1_93' title='bbox 746 1663 795 1697; x_wconf 90' lang='lat' dir='ltr'><strong>s:</strong></span> <span class='ocrx_word' id='word_1_94' title='bbox 836 1644 960 1697; x_wconf 83' lang='lat' dir='ltr'><strong>isto.</strong></span> 
     </span>
     <span class='ocr_line' id='line_1_22' title="bbox 501 1688 2562 1802; baseline -0.002 -16"><span class='ocrx_word' id='word_1_95' title='bbox 501 1773 514 1786; x_wconf 96' lang='lat'><strong>.</strong></span> <span class='ocrx_word' id='word_1_96' title='bbox 535 1709 547 1715; x_wconf 78' lang='lat'><strong>-</strong></span> <span class='ocrx_word' id='word_1_97' title='bbox 589 1739 639 1788; x_wconf 90' lang='lat' dir='ltr'><strong>et</strong></span> <span class='ocrx_word' id='word_1_98' title='bbox 673 1688 789 1802; x_wconf 73' lang='lat' dir='ltr'><strong>ipse</strong></span> <span class='ocrx_word' id='word_1_99' title='bbox 825 1735 967 1787; x_wconf 83' lang='lat' dir='ltr'><strong>enim</strong></span> <span class='ocrx_word' id='word_1_100' title='bbox 990 1732 1134 1786; x_wconf 87' lang='lat' dir='ltr'><strong>nach</strong></span> <span class='ocrx_word' id='word_1_101' title='bbox 1169 1750 1235 1801; x_wconf 85' lang='lat' dir='ltr'><strong>p3</strong></span> <span class='ocrx_word' id='word_1_102' title='bbox 1275 1750 1299 1784; x_wconf 86' lang='lat' dir='ltr'><strong>s</strong></span> <span class='ocrx_word' id='word_1_103' title='bbox 1325 1733 1387 1786; x_wconf 91' lang='lat' dir='ltr'><strong>b:</strong></span> <span class='ocrx_word' id='word_1_104' title='bbox 1427 1732 1631 1785; x_wconf 79' lang='lat' dir='ltr'>etenim</span> <span class='ocrx_word' id='word_1_105' title='bbox 1657 1731 1793 1799; x_wconf 88' lang='lat' dir='ltr'><strong>ipse,</strong></span> <span class='ocrx_word' id='word_1_106' title='bbox 1833 1729 1968 1783; x_wconf 88' lang='lat' dir='ltr'><strong>aber</strong></span> <span class='ocrx_word' id='word_1_107' title='bbox 1994 1728 2199 1783; x_wconf 81' lang='lat' dir='ltr'><strong>etenim</strong></span> <span class='ocrx_word' id='word_1_108' title='bbox 2225 1728 2374 1783; x_wconf 82' lang='lat' dir='ltr'><strong>steht</strong></span> <span class='ocrx_word' id='word_1_109' title='bbox 2400 1733 2562 1782; x_wconf 81' lang='lat' dir='ltr'><strong>sonst</strong></span> 
     </span>
    </p>
   </div>
   <div class='ocr_carea' id='block_1_10' title="bbox 590 1820 2319 1981">
    <p class='ocr_par' dir='ltr' id='par_1_18' title="bbox 590 1820 2319 1981">
     <span class='ocr_line' id='line_1_23' title="bbox 590 1820 1625 1877; baseline -0.003 -1"><span class='ocrx_word' id='word_1_110' title='bbox 590 1824 681 1877; x_wconf 86' lang='lat' dir='ltr'><strong>bei</strong></span> <span class='ocrx_word' id='word_1_111' title='bbox 720 1823 881 1877; x_wconf 86' lang='lat' dir='ltr'><strong>Vinc.</strong></span> <span class='ocrx_word' id='word_1_112' title='bbox 920 1822 1075 1876; x_wconf 82' lang='lat' dir='ltr'><strong>nicht</strong></span> <span class='ocrx_word' id='word_1_113' title='bbox 1111 1840 1181 1875; x_wconf 88' lang='lat' dir='ltr'><strong>an</strong></span> <span class='ocrx_word' id='word_1_114' title='bbox 1220 1826 1398 1875; x_wconf 85' lang='lat' dir='ltr'><strong>erster</strong></span> <span class='ocrx_word' id='word_1_115' title='bbox 1433 1820 1625 1875; x_wconf 84' lang='lat' dir='ltr'><strong>Stelle.</strong></span> 
     </span>
     <span class='ocr_line' id='line_1_24' title="bbox 593 1910 2319 1981; baseline -0.003 -14"><span class='ocrx_word' id='word_1_116' title='bbox 593 1917 773 1967; x_wconf 72' lang='lat' dir='ltr'><strong>aestus</strong></span> <span class='ocrx_word' id='word_1_117' title='bbox 809 1912 863 1966; x_wconf 85' lang='lat' dir='ltr'>R</span> <span class='ocrx_word' id='word_1_118' title='bbox 901 1930 938 1981; x_wconf 92' lang='grc' dir='ltr'><strong><em>Ρ</em></strong></span> <span class='ocrx_word' id='word_1_119' title='bbox 976 1914 1013 1965; x_wconf 92' lang='lat' dir='ltr'>b</span> <span class='ocrx_word' id='word_1_120' title='bbox 1051 1910 1278 1981; x_wconf 75' lang='lat' dir='ltr'><strong>(vox-her</strong></span> <span class='ocrx_word' id='word_1_121' title='bbox 1314 1928 1424 1964; x_wconf 86' lang='lat' dir='ltr'><strong>von</strong></span> <span class='ocrx_word' id='word_1_122' title='bbox 1462 1910 1676 1965; x_wconf 83' lang='lat' dir='ltr'><strong>Ooster.</strong></span> <span class='ocrx_word' id='word_1_123' title='bbox 1715 1910 2019 1979; x_wconf 84' lang='lat' dir='ltr'><strong>conjicirt);</strong></span> <span class='ocrx_word' id='word_1_124' title='bbox 2058 1927 2108 1962; x_wconf 88' lang='lat' dir='ltr'><strong>s:</strong></span> <span class='ocrx_word' id='word_1_125' title='bbox 2148 1914 2319 1963; x_wconf 78' lang='lat' dir='ltr'><strong>actus·</strong></span> 
     </span>
    </p>
   </div>
   <div class='ocr_carea' id='block_1_11' title="bbox 502 2018 2556 2161">
    <p class='ocr_par' dir='ltr' id='par_1_19' title="bbox 502 2018 2556 2161">
     <span class='ocr_line' id='line_1_25' title="bbox 503 2018 1055 2066; baseline -0.002 -12"><span class='ocrx_word' id='word_1_126' title='bbox 503 2042 516 2054; x_wconf 91' lang='lat'><strong>.</strong></span> <span class='ocrx_word' id='word_1_127' title='bbox 818 2043 830 2066; x_wconf 95' lang='lat'><strong>,</strong></span> <span class='ocrx_word' id='word_1_128' title='bbox 870 2020 919 2053; x_wconf 88' lang='lat' dir='ltr'><strong>s:</strong></span> <span class='ocrx_word' id='word_1_129' title='bbox 962 2018 1055 2054; x_wconf 76' lang='lat' dir='ltr'><strong>slc.</strong></span> 
     </span>
     <span class='ocr_line' id='line_1_26' title="bbox 502 2019 2556 2161; baseline -0.002 -18"><span class='ocrx_word' id='word_1_130' title='bbox 502 2131 514 2143; x_wconf 93' lang='lat'><strong>.</strong></span> <span class='ocrx_word' id='word_1_131' title='bbox 590 2019 920 2161; x_wconf 45' lang='lat' dir='ltr'><strong>Zffzqelzissent.</strong></span> <span class='ocrx_word' id='word_1_132' title='bbox 963 2088 1083 2154; x_wconf 80' lang='lat' dir='ltr'><strong>Sed,</strong></span> <span class='ocrx_word' id='word_1_133' title='bbox 1124 2108 1173 2142; x_wconf 87' lang='lat' dir='ltr'><strong>s:</strong></span> <span class='ocrx_word' id='word_1_134' title='bbox 1214 2089 1505 2157; x_wconf 84' lang='lat' dir='ltr'><strong>expediun.</strong></span> <span class='ocrx_word' id='word_1_135' title='bbox 1546 2087 1685 2141; x_wconf 84' lang='lat' dir='ltr'><strong>Sted</strong></span> <span class='ocrx_word' id='word_1_136' title='bbox 1743 2087 1909 2153; x_wconf 87' lang='lat' dir='ltr'><strong>(wohl</strong></span> <span class='ocrx_word' id='word_1_137' title='bbox 1936 2086 2302 2141; x_wconf 86' lang='lat' dir='ltr'><strong>Druckfehler</strong></span> <span class='ocrx_word' id='word_1_138' title='bbox 2338 2085 2427 2139; x_wconf 81' lang='lat' dir='ltr'><strong>fur</strong></span> <span class='ocrx_word' id='word_1_139' title='bbox 2463 2104 2556 2139; x_wconf 85' lang='lat' dir='ltr'><strong>ex-</strong></span> 
     </span>
    </p>
   </div>
   <div class='ocr_carea' id='block_1_12' title="bbox 593 2175 1040 2248">
    <p class='ocr_par' dir='ltr' id='par_1_20' title="bbox 593 2175 1040 2248">
     <span class='ocr_line' id='line_1_27' title="bbox 593 2175 1040 2248; baseline -0.007 -14"><span class='ocrx_word' id='word_1_140' title='bbox 593 2181 845 2248; x_wconf 85' lang='lat' dir='ltr'><strong>pediunt.</strong></span> <span class='ocrx_word' id='word_1_141' title='bbox 886 2175 1040 2248; x_wconf 81' lang='lat' dir='ltr'><strong>Sed).</strong></span> 
     </span>
    </p>
   </div>
   <div class='ocr_carea' id='block_1_13' title="bbox 426 2281 2281 2357">
    <p class='ocr_par' dir='ltr' id='par_1_21' title="bbox 426 2281 2281 2357">
     <span class='ocr_line' id='line_1_28' title="bbox 426 2281 2281 2357; baseline -0.003 -17"><span class='ocrx_word' id='word_1_142' title='bbox 426 2289 516 2341; x_wconf 84' lang='lat'><strong>30.</strong></span> <span class='ocrx_word' id='word_1_143' title='bbox 557 2288 642 2339; x_wconf 88' lang='lat'><strong>31.</strong></span> <span class='ocrx_word' id='word_1_144' title='bbox 717 2287 1060 2357; x_wconf 75' lang='lat' dir='ltr'><em>oppresserit,</em></span> <span class='ocrx_word' id='word_1_145' title='bbox 1101 2283 1480 2352; x_wconf 77' lang='lat' dir='ltr'><strong><em>confutaverit,</em></strong></span> <span class='ocrx_word' id='word_1_146' title='bbox 1516 2301 1579 2353; x_wconf 88' lang='lat' dir='ltr'><strong>p:</strong></span> <span class='ocrx_word' id='word_1_147' title='bbox 1621 2285 1917 2353; x_wconf 83' lang='lat' dir='ltr'>oppressit,</span> <span class='ocrx_word' id='word_1_148' title='bbox 1957 2281 2281 2336; x_wconf 75' lang='lat' dir='ltr'><strong>confutavit.</strong></span> 
     </span>
    </p>
   </div>
   <div class='ocr_carea' id='block_1_14' title="bbox 430 2378 478 2429">
    <p class='ocr_par' dir='ltr' id='par_1_22' title="bbox 430 2378 478 2429">
     <span class='ocr_line' id='line_1_29' title="bbox 430 2378 478 2429; baseline -0.021 0"><span class='ocrx_word' id='word_1_149' title='bbox 430 2378 478 2429; x_wconf 94' lang='lat'><strong>1.</strong></span> 
     </span>
    </p>
   </div>
   <div class='ocr_carea' id='block_1_15' title="bbox 592 2376 878 2441">
    <p class='ocr_par' dir='ltr' id='par_1_23' title="bbox 592 2376 878 2441">
     <span class='ocr_line' id='line_1_30' title="bbox 592 2376 878 2441; baseline -0.003 -12"><span class='ocrx_word' id='word_1_150' title='bbox 592 2380 658 2441; x_wconf 92' lang='lat' dir='ltr'><strong>et,</strong></span> <span class='ocrx_word' id='word_1_151' title='bbox 697 2376 759 2428; x_wconf 90' lang='lat' dir='ltr'><strong>b:</strong></span> <span class='ocrx_word' id='word_1_152' title='bbox 798 2393 878 2428; x_wconf 87' lang='lat' dir='ltr'><strong>ac.</strong></span> 
     </span>
    </p>
   </div>
   <div class='ocr_carea' id='block_1_16' title="bbox 300 2461 2212 2532">
    <p class='ocr_par' dir='ltr' id='par_1_24' title="bbox 300 2461 2212 2532">
     <span class='ocr_line' id='line_1_31' title="bbox 300 2461 2212 2532; baseline -0.002 -15"><span class='ocrx_word' id='word_1_153' title='bbox 300 2466 385 2532; x_wconf 89' lang='lat'><strong>17,</strong></span> <span class='ocrx_word' id='word_1_154' title='bbox 429 2468 479 2516; x_wconf 85' lang='lat'><strong>7.</strong></span> <span class='ocrx_word' id='word_1_155' title='bbox 502 2466 555 2516; x_wconf 88' lang='grc'><strong>8.</strong></span> <span class='ocrx_word' id='word_1_156' title='bbox 594 2469 644 2517; x_wconf 89' lang='lat' dir='ltr'><strong>et</strong></span> <span class='ocrx_word' id='word_1_157' title='bbox 681 2465 1025 2518; x_wconf 85' lang='lat' dir='ltr'><strong>committeret</strong></span> <span class='ocrx_word' id='word_1_158' title='bbox 1059 2468 1139 2523; x_wconf 82' lang='lat' dir='ltr'><strong>ut,</strong></span> <span class='ocrx_word' id='word_1_159' title='bbox 1178 2481 1228 2515; x_wconf 91' lang='lat' dir='ltr'><strong>s:</strong></span> <span class='ocrx_word' id='word_1_160' title='bbox 1267 2466 1329 2515; x_wconf 82' lang='lat' dir='ltr'><strong>ut</strong></span> <span class='ocrx_word' id='word_1_161' title='bbox 1365 2462 1744 2516; x_wconf 81' lang='lat' dir='ltr'><strong>committeret</strong></span> <span class='ocrx_word' id='word_1_162' title='bbox 1782 2464 1854 2528; x_wconf 88' lang='lat' dir='ltr'><strong>et,</strong></span> <span class='ocrx_word' id='word_1_163' title='bbox 1892 2461 1936 2514; x_wconf 92' lang='lat' dir='ltr'><strong>i:</strong></span> <span class='ocrx_word' id='word_1_164' title='bbox 1976 2461 2099 2515; x_wconf 90' lang='lat' dir='ltr'><strong>blos</strong></span> <span class='ocrx_word' id='word_1_165' title='bbox 2137 2464 2212 2515; x_wconf 83' lang='lat' dir='ltr'><strong>et.</strong></span> 
     </span>
    </p>
   </div>
   <div class='ocr_carea' id='block_1_17' title="bbox 423 2555 476 2695">
    <p class='ocr_par' dir='ltr' id='par_1_25' title="bbox 423 2555 476 2695">
     <span class='ocr_line' id='line_1_32' title="bbox 423 2555 475 2608; baseline 0.038 -2"><span class='ocrx_word' id='word_1_166' title='bbox 423 2555 475 2608; x_wconf 90' lang='lat'><strong>8.</strong></span> 
     </span>
     <span class='ocr_line' id='line_1_33' title="bbox 425 2644 476 2695; baseline -0.02 0"><span class='ocrx_word' id='word_1_167' title='bbox 425 2644 476 2695; x_wconf 83' lang='lat'><strong>3.</strong></span> 
     </span>
    </p>
   </div>
   <div class='ocr_carea' id='block_1_18' title="bbox 370 2734 476 2797">
    <p class='ocr_par' dir='ltr' id='par_1_26' title="bbox 370 2734 476 2797">
     <span class='ocr_line' id='line_1_34' title="bbox 370 2734 476 2797; baseline -0.009 -13"><span class='ocrx_word' id='word_1_168' title='bbox 370 2734 476 2797; x_wconf 83' lang='lat'><strong>,4.</strong></span> 
     </span>
    </p>
   </div>
   <div class='ocr_carea' id='block_1_19' title="bbox 589 2551 1732 2797">
    <p class='ocr_par' dir='ltr' id='par_1_27' title="bbox 589 2551 1732 2797">
     <span class='ocr_line' id='line_1_35' title="bbox 589 2551 1732 2620; baseline -0.003 -14"><span class='ocrx_word' id='word_1_169' title='bbox 589 2552 736 2606; x_wconf 80' lang='lat' dir='ltr'><strong>duas</strong></span> <span class='ocrx_word' id='word_1_170' title='bbox 772 2568 879 2607; x_wconf 78' lang='lat' dir='ltr'><strong>esse</strong></span> <span class='ocrx_word' id='word_1_171' title='bbox 911 2553 1053 2606; x_wconf 88' lang='lat' dir='ltr'><strong>nach</strong></span> <span class='ocrx_word' id='word_1_172' title='bbox 1092 2570 1117 2605; x_wconf 90' lang='lat' dir='ltr'><strong>s</strong></span> <span class='ocrx_word' id='word_1_173' title='bbox 1153 2570 1224 2620; x_wconf 90' lang='lat' dir='ltr'><strong>p;</strong></span> <span class='ocrx_word' id='word_1_174' title='bbox 1263 2552 1282 2603; x_wconf 93' lang='lat' dir='ltr'><strong>i</strong></span> <span class='ocrx_word' id='word_1_175' title='bbox 1319 2552 1381 2605; x_wconf 90' lang='lat' dir='ltr'><strong>b:</strong></span> <span class='ocrx_word' id='word_1_176' title='bbox 1423 2569 1542 2605; x_wconf 85' lang='lat' dir='ltr'><strong>esse</strong></span> <span class='ocrx_word' id='word_1_177' title='bbox 1582 2551 1732 2604; x_wconf 87' lang='lat' dir='ltr'><strong>duas.</strong></span> 
     </span>
     <span class='ocr_line' id='line_1_36' title="bbox 591 2646 1198 2709; baseline 0.002 -15"><span class='ocrx_word' id='word_1_178' title='bbox 591 2647 655 2694; x_wconf 80' lang='lat' dir='ltr'><strong>at</strong></span> <span class='ocrx_word' id='word_1_179' title='bbox 692 2658 831 2709; x_wconf 82' lang='lat' dir='ltr'><strong>cum,</strong></span> <span class='ocrx_word' id='word_1_180' title='bbox 872 2659 920 2694; x_wconf 85' lang='lat' dir='ltr'><strong>s:</strong></span> <span class='ocrx_word' id='word_1_181' title='bbox 962 2646 1020 2694; x_wconf 89' lang='lat' dir='ltr'><strong>et</strong></span> <span class='ocrx_word' id='word_1_182' title='bbox 1056 2657 1198 2696; x_wconf 88' lang='lat' dir='ltr'><strong>cum.</strong></span> 
     </span>
     <span class='ocr_line' id='line_1_37' title="bbox 594 2731 1056 2797; baseline -0.006 -12"><span class='ocrx_word' id='word_1_183' title='bbox 594 2732 762 2797; x_wconf 82' lang='lat' dir='ltr'><strong>verbo,</strong></span> <span class='ocrx_word' id='word_1_184' title='bbox 790 2749 840 2783; x_wconf 87' lang='lat' dir='ltr'><strong>s:</strong></span> <span class='ocrx_word' id='word_1_185' title='bbox 879 2731 1056 2783; x_wconf 86' lang='lat' dir='ltr'><strong>verbi.</strong></span> 
     </span>
    </p>
   </div>
   <div class='ocr_carea' id='block_1_20' title="bbox 300 2815 2556 2888">
    <p class='ocr_par' dir='ltr' id='par_1_28' title="bbox 300 2815 2556 2888">
     <span class='ocr_line' id='line_1_38' title="bbox 300 2815 2556 2888; baseline 0 -17"><span class='ocrx_word' id='word_1_186' title='bbox 300 2822 386 2886; x_wconf 85' lang='lat'><strong>19,</strong></span> <span class='ocrx_word' id='word_1_187' title='bbox 428 2822 513 2873; x_wconf 87' lang='lat'><strong>17.</strong></span> <span class='ocrx_word' id='word_1_188' title='bbox 592 2821 847 2888; x_wconf 78' lang='lat' dir='ltr'><strong>mysterio</strong></span> <span class='ocrx_word' id='word_1_189' title='bbox 883 2819 996 2872; x_wconf 89' lang='lat' dir='ltr'><strong>und</strong></span> <span class='ocrx_word' id='word_1_190' title='bbox 1033 2819 1434 2883; x_wconf 76' lang='lat' dir='ltr'><strong>incarnatione,</strong></span> <span class='ocrx_word' id='word_1_191' title='bbox 1471 2818 1490 2869; x_wconf 93' lang='lat' dir='ltr'><strong>i</strong></span> <span class='ocrx_word' id='word_1_192' title='bbox 1528 2817 1604 2870; x_wconf 87' lang='lat' dir='ltr'><strong>b¹</strong></span> <span class='ocrx_word' id='word_1_193' title='bbox 1627 2817 1672 2868; x_wconf 74' lang='lat'><strong>⁵³:</strong></span> <span class='ocrx_word' id='word_1_194' title='bbox 1720 2815 2059 2885; x_wconf 86' lang='lat' dir='ltr'><strong>mysterium,</strong></span> <span class='ocrx_word' id='word_1_195' title='bbox 2097 2815 2556 2871; x_wconf 83' lang='lat' dir='ltr'><strong>incarnationem.</strong></span> 
     </span>
    </p>
   </div>
   <div class='ocr_carea' id='block_1_21' title="bbox 299 3088 517 3332">
    <p class='ocr_par' dir='ltr' id='par_1_29' title="bbox 299 3088 517 3332">
     <span class='ocr_line' id='line_1_39' title="bbox 299 3088 387 3154; baseline -0.011 -15"><span class='ocrx_word' id='word_1_196' title='bbox 299 3088 387 3154; x_wconf 92' lang='lat'><strong>21,</strong></span> 
     </span>
     <span class='ocr_line' id='line_1_40' title="bbox 375 3178 515 3243; baseline -0.007 -14"><span class='ocrx_word' id='word_1_197' title='bbox 375 3217 388 3243; x_wconf 91' lang='lat'>‚</span> <span class='ocrx_word' id='word_1_198' title='bbox 431 3178 515 3229; x_wconf 87' lang='lat'><strong>17.</strong></span> 
     </span>
     <span class='ocr_line' id='line_1_41' title="bbox 379 3267 517 3332; baseline 0.007 -15"><span class='ocrx_word' id='word_1_199' title='bbox 379 3306 392 3332; x_wconf 91' lang='lat'>‚</span> <span class='ocrx_word' id='word_1_200' title='bbox 430 3267 517 3318; x_wconf 85' lang='lat'><strong>26.</strong></span> 
     </span>
    </p>
   </div>
   <div class='ocr_carea' id='block_1_22' title="bbox 369 2911 510 2974">
    <p class='ocr_par' dir='ltr' id='par_1_30' title="bbox 369 2911 510 2974">
     <span class='ocr_line' id='line_1_42' title="bbox 369 2911 510 2974; baseline 0.014 -13"><span class='ocrx_word' id='word_1_201' title='bbox 369 2950 382 2974; x_wconf 95' lang='lat'><strong>,</strong></span> <span class='ocrx_word' id='word_1_202' title='bbox 419 2911 510 2963; x_wconf 87' lang='lat'><strong>22.</strong></span> 
     </span>
    </p>
   </div>
   <div class='ocr_carea' id='block_1_23' title="bbox 426 3002 515 3141">
    <p class='ocr_par' dir='ltr' id='par_1_31' title="bbox 426 3002 515 3141">
     <span class='ocr_line' id='line_1_43' title="bbox 426 3002 478 3051; baseline -0.019 0"><span class='ocrx_word' id='word_1_203' title='bbox 426 3002 478 3051; x_wconf 89' lang='grc'><strong>9.</strong></span> 
     </span>
     <span class='ocr_line' id='line_1_44' title="bbox 427 3090 515 3141; baseline -0.023 0"><span class='ocrx_word' id='word_1_204' title='bbox 427 3090 515 3141; x_wconf 90' lang='grc'><strong>14.</strong></span> 
     </span>
    </p>
   </div>
   <div class='ocr_carea' id='block_1_24' title="bbox 379 3464 524 3882">
    <p class='ocr_par' dir='ltr' id='par_1_32' title="bbox 379 3464 524 3882">
     <span class='ocr_line' id='line_1_45' title="bbox 380 3464 519 3526; baseline 0 -11"><span class='ocrx_word' id='word_1_205' title='bbox 380 3502 393 3526; x_wconf 92' lang='grc'><strong>,</strong></span> <span class='ocrx_word' id='word_1_206' title='bbox 432 3464 519 3516; x_wconf 83' lang='lat'><strong>28.</strong></span> 
     </span>
     <span class='ocr_line' id='line_1_46' title="bbox 380 3552 521 3615; baseline 0 -13"><span class='ocrx_word' id='word_1_207' title='bbox 380 3590 394 3615; x_wconf 92' lang='lat'><strong>,</strong></span> <span class='ocrx_word' id='word_1_208' title='bbox 433 3552 521 3603; x_wconf 86' lang='lat'><strong>29.</strong></span> 
     </span>
     <span class='ocr_line' id='line_1_47' title="bbox 383 3641 524 3704; baseline 0 -13"><span class='ocrx_word' id='word_1_209' title='bbox 383 3679 397 3704; x_wconf 90' lang='lat'><strong>,</strong></span> <span class='ocrx_word' id='word_1_210' title='bbox 435 3641 524 3692; x_wconf 87' lang='lat'><strong>30.</strong></span> 
     </span>
     <span class='ocr_line' id='line_1_48' title="bbox 379 3731 518 3794; baseline -0.007 -14"><span class='ocrx_word' id='word_1_211' title='bbox 379 3768 392 3794; x_wconf 93' lang='lat'>‚</span> <span class='ocrx_word' id='word_1_212' title='bbox 432 3731 518 3780; x_wconf 79' lang='lat'><strong>32.</strong></span> 
     </span>
     <span class='ocr_line' id='line_1_49' title="bbox 380 3818 519 3882; baseline 0 -13"><span class='ocrx_word' id='word_1_213' title='bbox 380 3856 393 3882; x_wconf 94' lang='lat'><strong><em>‚</em></strong></span> <span class='ocrx_word' id='word_1_214' title='bbox 433 3818 519 3869; x_wconf 87' lang='lat'><strong>33.</strong></span> 
     </span>
    </p>
   </div>
   <div class='ocr_carea' id='block_1_25' title="bbox 582 2907 2556 3424">
    <p class='ocr_par' dir='ltr' id='par_1_33' title="bbox 587 2907 1734 2974">
     <span class='ocr_line' id='line_1_50' title="bbox 587 2907 1734 2974; baseline -0.003 -13"><span class='ocrx_word' id='word_1_215' title='bbox 587 2908 927 2961; x_wconf 75' lang='lat' dir='ltr'><strong>substantias</strong></span> <span class='ocrx_word' id='word_1_216' title='bbox 960 2907 1070 2974; x_wconf 75' lang='lat' dir='ltr'><strong>sed,</strong></span> <span class='ocrx_word' id='word_1_217' title='bbox 1110 2924 1159 2959; x_wconf 86' lang='lat' dir='ltr'><strong>s:</strong></span> <span class='ocrx_word' id='word_1_218' title='bbox 1200 2907 1583 2960; x_wconf 83' lang='lat' dir='ltr'><strong>subsistentias</strong></span> <span class='ocrx_word' id='word_1_219' title='bbox 1622 2907 1734 2959; x_wconf 89' lang='lat' dir='ltr'><strong>sed.</strong></span> 
     </span>
    </p>

    <p class='ocr_par' dir='ltr' id='par_1_34' title="bbox 591 2996 961 3064">
     <span class='ocr_line' id='line_1_51' title="bbox 591 2996 961 3064; baseline -0.005 -14"><span class='ocrx_word' id='word_1_220' title='bbox 591 2996 687 3064; x_wconf 82' lang='lat' dir='ltr'><strong>vel,</strong></span> <span class='ocrx_word' id='word_1_221' title='bbox 724 2997 745 3050; x_wconf 91' lang='lat' dir='ltr'><strong>i</strong></span> <span class='ocrx_word' id='word_1_222' title='bbox 781 2998 847 3050; x_wconf 89' lang='lat' dir='ltr'><strong>b:</strong></span> <span class='ocrx_word' id='word_1_223' title='bbox 888 3001 961 3049; x_wconf 88' lang='lat' dir='ltr'><strong>et.</strong></span> 
     </span>
    </p>

    <p class='ocr_par' dir='ltr' id='par_1_35' title="bbox 589 3086 1383 3153">
     <span class='ocr_line' id='line_1_52' title="bbox 589 3086 1383 3153; baseline -0.001 -14"><span class='ocrx_word' id='word_1_224' title='bbox 589 3103 695 3139; x_wconf 74' lang='lat' dir='ltr'><strong>sua</strong></span> <span class='ocrx_word' id='word_1_225' title='bbox 732 3086 876 3139; x_wconf 87' lang='lat' dir='ltr'><strong>nach</strong></span> <span class='ocrx_word' id='word_1_226' title='bbox 913 3086 932 3138; x_wconf 92' lang='lat' dir='ltr'><strong>i</strong></span> <span class='ocrx_word' id='word_1_227' title='bbox 969 3086 1035 3152; x_wconf 76' lang='lat' dir='ltr'><strong>b3</strong></span> <span class='ocrx_word' id='word_1_228' title='bbox 1072 3103 1097 3138; x_wconf 90' lang='lat' dir='ltr'><strong>s</strong></span> <span class='ocrx_word' id='word_1_229' title='bbox 1133 3103 1199 3153; x_wconf 84' lang='lat' dir='ltr'><strong>p:</strong></span> <span class='ocrx_word' id='word_1_230' title='bbox 1237 3101 1383 3138; x_wconf 85' lang='lat' dir='ltr'><strong>suae.</strong></span> 
     </span>
    </p>

    <p class='ocr_par' dir='ltr' id='par_1_36' title="bbox 582 3191 1414 3245">
     <span class='ocr_line' id='line_1_53' title="bbox 582 3191 1414 3245; baseline -0.002 -17"><span class='ocrx_word' id='word_1_231' title='bbox 582 3192 689 3245; x_wconf 76' lang='lat' dir='ltr'><strong>per</strong></span> <span class='ocrx_word' id='word_1_232' title='bbox 720 3191 1030 3242; x_wconf 76' lang='lat' dir='ltr'><strong>personam,</strong></span> <span class='ocrx_word' id='word_1_233' title='bbox 1070 3192 1119 3227; x_wconf 86' lang='lat' dir='ltr'><strong>s:</strong></span> <span class='ocrx_word' id='word_1_234' title='bbox 1158 3191 1414 3243; x_wconf 87' lang='lat' dir='ltr'><strong>persona.</strong></span> 
     </span>
    </p>

    <p class='ocr_par' dir='ltr' id='par_1_37' title="bbox 592 3261 2556 3424">
     <span class='ocr_line' id='line_1_54' title="bbox 592 3261 2556 3330; baseline -0.001 -12"><span class='ocrx_word' id='word_1_235' title='bbox 592 3270 641 3319; x_wconf 89' lang='lat' dir='ltr'><strong>et</strong></span> <span class='ocrx_word' id='word_1_236' title='bbox 665 3265 1141 3330; x_wconf 79' lang='lat' dir='ltr'><strong>Manichaeorum,</strong></span> <span class='ocrx_word' id='word_1_237' title='bbox 1167 3280 1276 3317; x_wconf 88' lang='lat' dir='ltr'><strong>von</strong></span> <span class='ocrx_word' id='word_1_238' title='bbox 1313 3264 1350 3316; x_wconf 96' lang='lat' dir='ltr'>b</span> <span class='ocrx_word' id='word_1_239' title='bbox 1368 3263 1389 3293; x_wconf 78' lang='lat'><em>²</em></span> <span class='ocrx_word' id='word_1_240' title='bbox 1410 3263 1432 3294; x_wconf 73' lang='grc'><strong><em>3</em></strong></span> <span class='ocrx_word' id='word_1_241' title='bbox 1467 3263 1572 3316; x_wconf 86' lang='lat' dir='ltr'><strong>mit</strong></span> <span class='ocrx_word' id='word_1_242' title='bbox 1596 3261 1784 3317; x_wconf 85' lang='lat' dir='ltr'><strong>Recht</strong></span> <span class='ocrx_word' id='word_1_243' title='bbox 1807 3261 1896 3315; x_wconf 76' lang='lat' dir='ltr'><strong>fiir</strong></span> <span class='ocrx_word' id='word_1_244' title='bbox 1920 3262 2118 3316; x_wconf 84' lang='lat' dir='ltr'><strong>Glosse</strong></span> <span class='ocrx_word' id='word_1_245' title='bbox 2145 3263 2371 3330; x_wconf 69' lang='lat' dir='ltr'><strong>erklart,</strong></span> <span class='ocrx_word' id='word_1_246' title='bbox 2411 3266 2556 3316; x_wconf 86' lang='lat' dir='ltr'><strong>trotz</strong></span> 
     </span>
     <span class='ocr_line' id='line_1_55' title="bbox 594 3351 1721 3424; baseline -0.003 -17"><span class='ocrx_word' id='word_1_247' title='bbox 594 3354 691 3408; x_wconf 88' lang='lat' dir='ltr'><strong>des</strong></span> <span class='ocrx_word' id='word_1_248' title='bbox 728 3353 1056 3424; x_wconf 81' lang='lat' dir='ltr'><strong>Zeugnisses</strong></span> <span class='ocrx_word' id='word_1_249' title='bbox 1094 3352 1230 3406; x_wconf 85' lang='lat' dir='ltr'><strong>aller</strong></span> <span class='ocrx_word' id='word_1_250' title='bbox 1264 3351 1721 3405; x_wconf 85' lang='lat' dir='ltr'><strong>Handschriften.</strong></span> 
     </span>
    </p>
   </div>
   <div class='ocr_carea' id='block_1_26' title="bbox 594 3461 2206 3708">
    <p class='ocr_par' dir='ltr' id='par_1_38' title="bbox 594 3461 2206 3708">
     <span class='ocr_line' id='line_1_56' title="bbox 594 3461 1452 3528; baseline -0.006 -12"><span class='ocrx_word' id='word_1_251' title='bbox 594 3478 759 3528; x_wconf 77' lang='lat' dir='ltr'><strong>quam</strong></span> <span class='ocrx_word' id='word_1_252' title='bbox 793 3461 936 3516; x_wconf 87' lang='lat' dir='ltr'><strong>nach</strong></span> <span class='ocrx_word' id='word_1_253' title='bbox 972 3462 991 3514; x_wconf 91' lang='lat' dir='ltr'><strong>i</strong></span> <span class='ocrx_word' id='word_1_254' title='bbox 1029 3462 1092 3527; x_wconf 85' lang='lat' dir='ltr'><strong>b3</strong></span> <span class='ocrx_word' id='word_1_255' title='bbox 1132 3478 1156 3513; x_wconf 87' lang='lat' dir='ltr'><strong>s</strong></span> <span class='ocrx_word' id='word_1_256' title='bbox 1193 3477 1254 3528; x_wconf 90' lang='lat' dir='ltr'><strong>p:</strong></span> <span class='ocrx_word' id='word_1_257' title='bbox 1296 3478 1452 3527; x_wconf 90' lang='lat' dir='ltr'><strong>quae.</strong></span> 
     </span>
     <span class='ocr_line' id='line_1_57' title="bbox 595 3549 2206 3619; baseline -0.001 -16"><span class='ocrx_word' id='word_1_258' title='bbox 595 3549 805 3604; x_wconf 68' lang='lat' dir='ltr'><strong>desistit</strong></span> <span class='ocrx_word' id='word_1_259' title='bbox 840 3550 983 3605; x_wconf 88' lang='lat' dir='ltr'><strong>nach</strong></span> <span class='ocrx_word' id='word_1_260' title='bbox 1021 3551 1040 3604; x_wconf 89' lang='lat' dir='ltr'><strong>i</strong></span> <span class='ocrx_word' id='word_1_261' title='bbox 1077 3550 1140 3615; x_wconf 86' lang='lat' dir='ltr'><strong>b;</strong></span> <span class='ocrx_word' id='word_1_262' title='bbox 1181 3567 1205 3602; x_wconf 87' lang='lat' dir='ltr'><strong>s</strong></span> <span class='ocrx_word' id='word_1_263' title='bbox 1242 3567 1304 3617; x_wconf 87' lang='lat' dir='ltr'><strong>p:</strong></span> <span class='ocrx_word' id='word_1_264' title='bbox 1345 3550 1635 3615; x_wconf 84' lang='lat' dir='ltr'><strong>desistunt,</strong></span> <span class='ocrx_word' id='word_1_265' title='bbox 1675 3549 1810 3603; x_wconf 88' lang='lat' dir='ltr'><strong>aber</strong></span> <span class='ocrx_word' id='word_1_266' title='bbox 1844 3550 1952 3619; x_wconf 86' lang='lat' dir='ltr'><strong>vgl.</strong></span> <span class='ocrx_word' id='word_1_267' title='bbox 1991 3551 2078 3615; x_wconf 95' lang='lat'><strong>22,</strong></span> <span class='ocrx_word' id='word_1_268' title='bbox 2117 3550 2206 3602; x_wconf 87' lang='lat'><strong>29.</strong></span> 
     </span>
     <span class='ocr_line' id='line_1_58' title="bbox 598 3639 2061 3708; baseline -0.002 -15"><span class='ocrx_word' id='word_1_269' title='bbox 598 3639 1013 3708; x_wconf 73' lang='lat' dir='ltr'><strong>sceleratamque</strong></span> <span class='ocrx_word' id='word_1_270' title='bbox 1048 3640 1190 3694; x_wconf 90' lang='lat' dir='ltr'><strong>nach</strong></span> <span class='ocrx_word' id='word_1_271' title='bbox 1229 3657 1280 3706; x_wconf 73' lang='grc' dir='ltr'><strong>ες</strong></span> <span class='ocrx_word' id='word_1_272' title='bbox 1318 3657 1355 3708; x_wconf 91' lang='grc' dir='ltr'><strong><em>Ρ</em></strong></span> <span class='ocrx_word' id='word_1_273' title='bbox 1394 3640 1456 3693; x_wconf 90' lang='lat' dir='ltr'><strong>b:</strong></span> <span class='ocrx_word' id='word_1_274' title='bbox 1496 3639 1916 3706; x_wconf 84' lang='lat' dir='ltr'><strong>scelestumque.</strong></span> <span class='ocrx_word' id='word_1_275' title='bbox 1953 3644 2061 3690; x_wconf 76' lang='lat'><strong>—-·?</strong></span> 
     </span>
    </p>
   </div>
   <div class='ocr_carea' id='block_1_27' title="bbox 592 3725 2556 3798">
    <p class='ocr_par' dir='ltr' id='par_1_39' title="bbox 592 3725 2556 3798">
     <span class='ocr_line' id='line_1_59' title="bbox 592 3725 2556 3798; baseline -0.002 -15"><span class='ocrx_word' id='word_1_276' title='bbox 592 3729 922 3783; x_wconf 72' lang='lat' dir='ltr'><strong>substantive</strong></span> <span class='ocrx_word' id='word_1_277' title='bbox 945 3728 1089 3782; x_wconf 88' lang='lat' dir='ltr'><strong>nach</strong></span> <span class='ocrx_word' id='word_1_278' title='bbox 1125 3727 1492 3796; x_wconf 83' lang='lat' dir='ltr'><strong>i(Oonjectur</strong></span> <span class='ocrx_word' id='word_1_279' title='bbox 1525 3744 1637 3780; x_wconf 87' lang='lat' dir='ltr'><strong>von</strong></span> <span class='ocrx_word' id='word_1_280' title='bbox 1662 3725 1915 3798; x_wconf 84' lang='lat' dir='ltr'><strong>Coster.),</strong></span> <span class='ocrx_word' id='word_1_281' title='bbox 1955 3745 1979 3780; x_wconf 90' lang='lat' dir='ltr'><strong>s</strong></span> <span class='ocrx_word' id='word_1_282' title='bbox 2017 3745 2054 3796; x_wconf 92' lang='grc' dir='ltr'><strong><em>Ρ</em></strong></span> <span class='ocrx_word' id='word_1_283' title='bbox 2092 3727 2155 3780; x_wconf 91' lang='lat' dir='ltr'><strong>b:</strong></span> <span class='ocrx_word' id='word_1_284' title='bbox 2196 3726 2556 3780; x_wconf 78' lang='lat' dir='ltr'><strong>substantiae.</strong></span> 
     </span>
    </p>
   </div>
   <div class='ocr_carea' id='block_1_28' title="bbox 593 3816 2558 4064">
    <p class='ocr_par' dir='ltr' id='par_1_40' title="bbox 593 3816 2558 4064">
     <span class='ocr_line' id='line_1_60' title="bbox 596 3816 2558 3887; baseline -0.002 -16"><span class='ocrx_word' id='word_1_285' title='bbox 596 3818 1010 3872; x_wconf 78' lang='lat' dir='ltr'><strong>conversatione.</strong></span> <span class='ocrx_word' id='word_1_286' title='bbox 1082 3817 1186 3872; x_wconf 91' lang='lat' dir='ltr'><strong>Die</strong></span> <span class='ocrx_word' id='word_1_287' title='bbox 1227 3816 1524 3885; x_wconf 84' lang='lat' dir='ltr'><strong>Gonjectur</strong></span> <span class='ocrx_word' id='word_1_288' title='bbox 1561 3816 1921 3871; x_wconf 85' lang='lat' dir='ltr'><strong>conversione</strong></span> <span class='ocrx_word' id='word_1_289' title='bbox 1959 3816 2239 3883; x_wconf 82' lang='lat' dir='ltr'><strong>verkehrt,</strong></span> <span class='ocrx_word' id='word_1_290' title='bbox 2276 3817 2385 3887; x_wconf 85' lang='lat' dir='ltr'><strong>vgl.</strong></span> <span class='ocrx_word' id='word_1_291' title='bbox 2424 3817 2558 3870; x_wconf 86' lang='lat' dir='ltr'><strong>viel-</strong></span> 
     </span>
     <span class='ocr_line' id='line_1_61' title="bbox 593 3905 1000 3971; baseline 0.002 -12"><span class='ocrx_word' id='word_1_292' title='bbox 593 3905 753 3961; x_wconf 87' lang='lat' dir='ltr'><strong>mehr</strong></span> <span class='ocrx_word' id='word_1_293' title='bbox 788 3907 876 3971; x_wconf 91' lang='grc'><strong>21,</strong></span> <span class='ocrx_word' id='word_1_294' title='bbox 914 3907 1000 3960; x_wconf 90' lang='grc'><strong>20.</strong></span> 
     </span>
     <span class='ocr_line' id='line_1_62' title="bbox 595 3996 1869 4064; baseline -0.001 -14"><span class='ocrx_word' id='word_1_295' title='bbox 595 3997 759 4050; x_wconf 84' lang='lat' dir='ltr'><strong>etiam</strong></span> <span class='ocrx_word' id='word_1_296' title='bbox 795 4000 941 4062; x_wconf 71' lang='lat' dir='ltr'><strong>esset,</strong></span> <span class='ocrx_word' id='word_1_297' title='bbox 982 4012 1089 4048; x_wconf 90' lang='lat' dir='ltr'><strong>om.</strong></span> <span class='ocrx_word' id='word_1_298' title='bbox 1127 4014 1190 4064; x_wconf 90' lang='lat' dir='ltr'><strong>p:</strong></span> <span class='ocrx_word' id='word_1_299' title='bbox 1231 3996 1428 4064; x_wconf 81' lang='lat' dir='ltr'><strong>etiam3</strong></span> <span class='ocrx_word' id='word_1_300' title='bbox 1468 4013 1576 4048; x_wconf 93' lang='lat' dir='ltr'><strong>om.</strong></span> <span class='ocrx_word' id='word_1_301' title='bbox 1617 4013 1666 4049; x_wconf 87' lang='lat' dir='ltr'><strong>s:</strong></span> <span class='ocrx_word' id='word_1_302' title='bbox 1707 3999 1869 4049; x_wconf 85' lang='lat' dir='ltr'><strong>esset.</strong></span> 
     </span>
    </p>
   </div>
  </div>
 </body>
</html>
