3092 4717
902 479 1139 534 xxvn
1176 478 1639 549 (sa—XXVIII
1675 478 1810 550 (39).
2392 482 2480 544 43

226 640 409 705 iuxta
457 641 756 706 catholici
803 640 1121 723 dogmatis
1154 640 1410 723 regulas
1457 641 1996 724 interpretentur3
2044 640 2112 703 in
2158 661 2286 722 qua
2328 640 2483 704 item

228 747 553 812 catholica
617 753 684 811 et
742 747 1102 830 apostolica
1157 748 1433 812 ecclesia
1480 753 1836 830 sequantur
1881 767 2146 813 necesse
2194 751 2291 810 est
2338 747 2479 810 uni-

224 856 601 919 versitatem
670 855 1123 937 antiquitatem
1200 855 1719 937 consensionem,
1782 861 1867 937 et,
1917 854 1971 918 si
2018 853 2280 936 quando
2328 874 2480 936 pars

225 967 460 1027 contra
505 961 1008 1043 universitatem,
1073 962 1325 1026 novitas
1384 967 1615 1027 contra
1658 967 2085 1043 vetustatem,
2149 961 2337 1024 unius
2382 960 2482 1024 vel

220 1090 579 1152 paucorum
611 1069 968 1132 errantium
1001 1067 1314 1133 dissensio
1349 1073 1585 1133 contra
1619 1069 1904 1133 omnium
1934 1068 2035 1133 vel
2067 1072 2243 1132 certe
2274 1068 2479 1131 multo
2500 1088 2527 1128 5

224 1176 504 1260 plurium
564 1174 1037 1239 catholicorum
1085 1176 1578 1240 consensionem
1623 1174 2049 1255 rebellaverit,
2112 1173 2483 1257 praeferant

223 1283 546 1366 portionis
580 1282 983 1364 corruptioni
1013 1282 1447 1346 universitatis
1479 1282 1950 1364 integritatem,
1997 1282 2063 1345 in
2098 1303 2227 1364 qua
2258 1280 2484 1345 eadem

224 1389 641 1454 universitate
688 1389 990 1453 novitatis
1021 1388 1400 1471 profanitati
1431 1389 1835 1471 antiquitatis
1868 1389 2260 1471 religionem,
2301 1389 2482 1452 item-

228 1517 349 1579 que
410 1496 480 1560 in
539 1496 680 1579 ipsa
724 1501 1050 1560 vetustate
1108 1496 1296 1560 unius
1353 1497 1483 1561 sive
1530 1496 2063 1578 paucissimorum
2108 1494 2479 1575 temeritati,

226 1605 508 1686 primum
557 1603 839 1666 omnium
887 1602 1230 1685 generalia,
1281 1604 1335 1668 si
1383 1624 1513 1686 qua
1573 1609 1757 1684 sunt,
1807 1602 2180 1667 universalis
2228 1601 2483 1666 concilii
2502 1622 2555 1661 10

229 1710 494 1774 decreta
523 1713 951 1792 praeponant,
1002 1715 1156 1774 tunc
1189 1709 1439 1790 deinde,
1489 1711 1544 1774 si
1584 1710 1650 1775 id
1682 1711 1891 1774 minus
1939 1716 2056 1787 est,
2106 1714 2479 1791 sequantur,

231 1816 403 1899 quod
434 1817 800 1899 proximum
834 1822 951 1897 est,
986 1816 1334 1881 multorum
1367 1821 1563 1899 atque
1596 1838 1976 1900 magnorum
2005 1816 2482 1881 consentientes

237 1924 345 1988 sibi
394 1924 750 1988 sententias
780 1924 1253 2005 magistrorum.
1334 1921 1584 2006 Quibus
1633 1925 1975 1989 adiuvante
2024 1923 2280 1987 domino
2326 1920 2480 1987 fide-

239 2029 371 2095 liter
419 2029 635 2094 sobrie
691 2029 965 2094 sollicite
1001 2029 1356 2095 observatis
1387 2052 1516 2095 non
1552 2052 1786 2114 magna
1834 2030 2211 2094 difficultate
2250 2030 2482 2094 noxios

237 2158 521 2221 quosque
569 2137 1046 2218 exsurgentium
1090 2137 1564 2202 haereticorum
1613 2137 2163 2220 deprehendemus
2206 2157 2477 2201 errores.
2502 2162 2554 2202 15

440 2243 786 2311 XXVIH.
836 2245 975 2329 (39)
1006 2243 1137 2309 Hic
1168 2245 1297 2309 iam
1322 2259 1724 2327 consequens
1750 2266 1890 2310 esse
1923 2244 2130 2326 vide0,
2163 2250 2238 2308 ut
2271 2265 2478 2308 exem-

232 2350 349 2433 plis
397 2351 854 2433 demonstrem,
904 2353 1382 2434 quonammodo
1430 2351 1743 2435 profanae
1788 2351 2262 2416 haereticorum
2310 2352 2481 2416 novi·

234 2462 400 2522 tates
460 2457 729 2540 prolatis
792 2464 990 2541 atque
1050 2460 1323 2523 conlatis
1373 2465 1662 2524 veterum
1707 2459 2161 2542 magistrorum
2212 2479 2480 2523 concor-

235 2564 534 2629 dantibus
555 2564 811 2629 sibimet
835 2566 1170 2631 sententiis
1193 2573 1257 2630 et
1278 2566 1845 2648 deprehendantur
1866 2572 1930 2631 et
1952 2566 2476 2631 condemnentur.

234 2669 413 2755 Quae
474 2677 688 2736 tamen
748 2673 1014 2755 antiqua
1077 2680 1448 2737 sanctorum
1506 2679 1769 2755 patrum
1829 2674 2167 2738 consensio
2241 2694 2367 2737 non
2413 2673 2552 2739 in20

235 2777 525 2843 omnibus
574 2778 823 2843 divinae
870 2778 1066 2862 Legis
1115 2779 1622 2862 quaestiunculis
1671 2778 1786 2843 sed
1834 2779 2041 2843 solum
2073 2785 2246 2843 certe
2293 2800 2479 2862 prae-

232 2886 414 2969 cipue
474 2885 542 2948 in
600 2883 751 2949 fidei
809 2886 1033 2968 regula
1093 2908 1325 2969 magno
1382 2887 1570 2951 nobis
1629 2886 1847 2951 studio
1913 2892 1977 2950 et
2033 2885 2481 2968 investiganda

232 2998 326 3057 est
374 2997 442 3057 et
491 2992 838 3075 sequenda.
921 2991 1051 3057 Sed
1099 3014 1308 3075 neque
1356 3015 1608 3077 semper
1652 3015 1860 3077 neque
1912 3015 2132 3059 omnes
2179 2994 2477 3058 haereses

229 3099 351 3165 hoc
408 3100 604 3164 modo
652 3100 1123 3183 impugnandae
1185 3105 1335 3164 sunt
1383 3101 1498 3166 sed
1543 3101 1823 3165 novitiae
1869 3107 2289 3183 recentesque
2336 3106 2478 3164 tan-

228 3208 586 3288 tummodo,
637 3229 783 3271 cum
828 3208 1106 3290 primum
1149 3208 1394 3272 scilicet
1441 3209 1839 3290 exoriuntur,
1898 3214 2249 3290 antequam
2293 3205 2475 3270 infal-
2498 3232 2550 3271 25

229 3335 368 3378 sare
401 3320 695 3379 vetustae
727 3313 876 3379 fidei
907 3314 1165 3397 regulas
1196 3315 1397 3398 ipsius
1443 3316 1752 3397 temporis
1798 3320 2098 3378 vetantur
2144 3314 2475 3395 angustiiS,

231 3442 305 3485 ac
372 3422 749 3503 priusquam
817 3428 1119 3487 manante
1190 3422 1384 3486 latius
1453 3441 1698 3486 veneno
1768 3422 2088 3486 maiorum
2154 3420 2480 3484 volumina

229 3528 454 3591 vitiare
503 3533 840 3592 conentur.
921 3527 1229 3593 Ceterum
1278 3528 1583 3593 dilatatae
1631 3534 1697 3593 et
1740 3528 2132 3593 inveteratae
2180 3528 2478 3592 haereses

230 3655 639 3717 nequaquam
668 3634 792 3699 hac
824 3635 925 3699 via
958 3635 1430 3718 adgrediendae
1464 3641 1634 3715 sunt,
1686 3656 1763 3701 eo
1798 3634 1971 3719 quod
2017 3634 2270 3717 prolixo
2318 3640 2479 3698 tem-

232 3762 464 3823 porum
508 3746 726 3805 tractu
782 3743 978 3824 longa
1021 3743 1122 3807 his
1168 3742 1481 3807 furandae
1527 3742 1817 3807 veritatis
1862 3743 2149 3826 patuerit
2198 3743 2474 3806 occasio.
2498 3766 2550 3806 30

232 3848 458 3929 Atque
517 3848 666 3913 ideo
729 3870 1162 3932 quascumque
1221 3849 1362 3914 illas
1433 3850 1829 3932 antiquiores
1890 3850 1990 3914 vel
2065 3849 2477 3914 schismatum

407 4081 441 4132 8
480 4079 550 4133 cf.
592 4081 640 4132 1.
678 4079 818 4133 Tim.
860 4081 908 4145 6,
949 4081 1036 4134 20.
1256 4082 1323 4132 17
1362 4081 1432 4134 cf.
1474 4081 1520 4132 1.
1560 4080 1701 4133 Tim.
1742 4082 1791 4147 6,
1830 4082 1916 4132 20.
