<?xml version="1.0" encoding="UTF-8"?>
<!DOCTYPE html PUBLIC "-//W3C//DTD XHTML 1.0 Transitional//EN"
    "http://www.w3.org/TR/xhtml1/DTD/xhtml1-transitional.dtd">
<html xmlns="http://www.w3.org/1999/xhtml" xml:lang="en" lang="en">
 <head>
  <title>
</title>
<meta http-equiv="Content-Type" content="text/html;charset=utf-8" />
  <meta name='ocr-system' content='tesseract 3.04.00' />
  <meta name='ocr-capabilities' content='ocr_page ocr_carea ocr_par ocr_line ocrx_word'/>
</head>
<body>
  <div class='ocr_page' id='page_1' title='image "./vincenzvonlerin01jlgoog_0059.png"; bbox 0 0 3092 4717; ppageno 0'>
   <div class='ocr_carea' id='block_1_1' title="bbox 1072 451 2496 522">
    <p class='ocr_par' dir='ltr' id='par_1_1' title="bbox 1072 451 2496 522">
     <span class='ocr_line' id='line_1_1' title="bbox 1072 451 2496 522; baseline 0.006 -15"><span class='ocrx_word' id='word_1_1' title='bbox 1072 452 1242 507; x_wconf 85' lang='lat' dir='ltr'><strong>xxv</strong></span> <span class='ocrx_word' id='word_1_2' title='bbox 1279 451 1687 522; x_wconf 63' lang='lat' dir='ltr'><strong>(sn—xxm.</strong></span> <span class='ocrx_word' id='word_1_3' title='bbox 2412 455 2496 516; x_wconf 90' lang='lat'><strong>41</strong></span> 
     </span>
    </p>
   </div>
   <div class='ocr_carea' id='block_1_2' title="bbox 242 616 2575 3801">
    <p class='ocr_par' dir='ltr' id='par_1_2' title="bbox 242 616 2574 1768">
     <span class='ocr_line' id='line_1_2' title="bbox 248 616 2500 696; baseline -0.001 -17"><span class='ocrx_word' id='word_1_4' title='bbox 248 626 533 681; x_wconf 72' lang='lat' dir='ltr'><strong>satanas·</strong></span> <span class='ocrx_word' id='word_1_5' title='bbox 579 619 1018 696; x_wconf 73' lang='lat' dir='ltr'><strong>transfiyurut</strong></span> <span class='ocrx_word' id='word_1_6' title='bbox 1061 635 1138 679; x_wconf 76' lang='lat' dir='ltr'><strong>se</strong></span> <span class='ocrx_word' id='word_1_7' title='bbox 1183 622 1255 678; x_wconf 83' lang='lat' dir='ltr'><strong>in</strong></span> <span class='ocrx_word' id='word_1_8' title='bbox 1316 618 1625 695; x_wconf 73' lang='lat' dir='ltr'><strong>anyelum</strong></span> <span class='ocrx_word' id='word_1_9' title='bbox 1674 618 1864 678; x_wconf 75' lang='lat' dir='ltr'><strong>lucis.</strong></span> <span class='ocrx_word' id='word_1_10' title='bbox 1958 616 2109 677; x_wconf 84' lang='lat' dir='ltr'><strong>Non</strong></span> <span class='ocrx_word' id='word_1_11' title='bbox 2174 622 2281 678; x_wconf 71' lang='lat' dir='ltr'><strong>est</strong></span> <span class='ocrx_word' id='word_1_12' title='bbox 2340 633 2500 693; x_wconf 75' lang='lat' dir='ltr'><strong>eryo</strong></span> 
     </span>
     <span class='ocr_line' id='line_1_3' title="bbox 246 725 2502 803; baseline -0.002 -16"><span class='ocrx_word' id='word_1_13' title='bbox 246 743 584 803; x_wconf 62' lang='lat' dir='ltr'><strong>maguum,</strong></span> <span class='ocrx_word' id='word_1_14' title='bbox 648 730 713 787; x_wconf 71' lang='lat' dir='ltr'><strong>si</strong></span> <span class='ocrx_word' id='word_1_15' title='bbox 772 729 1073 787; x_wconf 76' lang='lat' dir='ltr'><strong>ministri</strong></span> <span class='ocrx_word' id='word_1_16' title='bbox 1127 729 1273 786; x_wconf 77' lang='lat' dir='ltr'><strong>eius·</strong></span> <span class='ocrx_word' id='word_1_17' title='bbox 1337 725 1906 802; x_wconf 61' lang='lat' dir='ltr'><strong>transfigurantur</strong></span> <span class='ocrx_word' id='word_1_18' title='bbox 1964 728 2148 785; x_wconf 75' lang='lat' dir='ltr'><strong>siout</strong></span> <span class='ocrx_word' id='word_1_19' title='bbox 2201 727 2502 785; x_wconf 75' lang='lat' dir='ltr'><strong>ministri</strong></span> 
     </span>
     <span class='ocr_line' id='line_1_4' title="bbox 244 828 2501 912; baseline -0.002 -18"><span class='ocrx_word' id='word_1_20' title='bbox 244 836 573 895; x_wconf 70' lang='lat' dir='ltr'><strong>iustiliae.</strong></span> <span class='ocrx_word' id='word_1_21' title='bbox 650 829 854 912; x_wconf 86' lang='lat' dir='ltr'><strong>Ergo,</strong></span> <span class='ocrx_word' id='word_1_22' title='bbox 901 828 1255 893; x_wconf 89' lang='lat' dir='ltr'><strong>secundum</strong></span> <span class='ocrx_word' id='word_1_23' title='bbox 1300 828 1585 911; x_wconf 83' lang='lat' dir='ltr'><strong>apostoli</strong></span> <span class='ocrx_word' id='word_1_24' title='bbox 1614 828 1802 893; x_wconf 87' lang='lat' dir='ltr'><strong>Pauli</strong></span> <span class='ocrx_word' id='word_1_25' title='bbox 1832 828 2291 910; x_wconf 87' lang='lat' dir='ltr'><strong>magisterium,</strong></span> <span class='ocrx_word' id='word_1_26' title='bbox 2341 848 2501 910; x_wconf 89' lang='lat' dir='ltr'><strong>quo-</strong></span> 
     </span>
     <span class='ocr_line' id='line_1_5' title="bbox 249 935 2503 1019; baseline -0.001 -19"><span class='ocrx_word' id='word_1_27' title='bbox 249 938 645 1019; x_wconf 87' lang='lat' dir='ltr'><strong>tiescumque</strong></span> <span class='ocrx_word' id='word_1_28' title='bbox 662 935 762 1001; x_wconf 83' lang='lat' dir='ltr'><strong>vel</strong></span> <span class='ocrx_word' id='word_1_29' title='bbox 775 939 1331 1019; x_wconf 70' lang='lat' dir='ltr'><em>pseudoapostoli</em></span> <span class='ocrx_word' id='word_1_30' title='bbox 1348 935 1448 999; x_wconf 83' lang='lat' dir='ltr'><strong>vel</strong></span> <span class='ocrx_word' id='word_1_31' title='bbox 1462 938 2086 1018; x_wconf 77' lang='lat' dir='ltr'><strong>pseudoprophetae</strong></span> <span class='ocrx_word' id='word_1_32' title='bbox 2104 935 2201 998; x_wconf 84' lang='lat' dir='ltr'><strong>vel</strong></span> <span class='ocrx_word' id='word_1_33' title='bbox 2214 938 2503 1017; x_wconf 78' lang='lat' dir='ltr'><strong>pseudo-</strong></span> 
     </span>
     <span class='ocr_line' id='line_1_6' title="bbox 242 1040 2547 1125; baseline 0 -17"><span class='ocrx_word' id='word_1_34' title='bbox 242 1048 557 1109; x_wconf 75' lang='lat' dir='ltr'><strong>doctores·</strong></span> <span class='ocrx_word' id='word_1_35' title='bbox 588 1042 837 1107; x_wconf 83' lang='lat' dir='ltr'><strong>divinae</strong></span> <span class='ocrx_word' id='word_1_36' title='bbox 860 1043 1055 1125; x_wconf 82' lang='lat' dir='ltr'>Legis</span> <span class='ocrx_word' id='word_1_37' title='bbox 1091 1042 1441 1107; x_wconf 87' lang='lat' dir='ltr'><strong>sententias</strong></span> <span class='ocrx_word' id='word_1_38' title='bbox 1465 1041 1823 1125; x_wconf 84' lang='lat' dir='ltr'><strong>proferunt,</strong></span> <span class='ocrx_word' id='word_1_39' title='bbox 1858 1042 2091 1125; x_wconf 87' lang='lat' dir='ltr'><strong>quibus</strong></span> <span class='ocrx_word' id='word_1_40' title='bbox 2116 1040 2280 1105; x_wconf 89' lang='lat' dir='ltr'><strong>male</strong></span> <span class='ocrx_word' id='word_1_41' title='bbox 2302 1040 2500 1104; x_wconf 90' lang='lat' dir='ltr'><strong>inter-</strong></span> <span class='ocrx_word' id='word_1_42' title='bbox 2519 1065 2547 1108; x_wconf 78' lang='lat'>⁵</span> 
     </span>
     <span class='ocr_line' id='line_1_7' title="bbox 244 1148 2498 1233; baseline -0.002 -19"><span class='ocrx_word' id='word_1_43' title='bbox 244 1151 522 1233; x_wconf 90' lang='lat' dir='ltr'><strong>pretatis</strong></span> <span class='ocrx_word' id='word_1_44' title='bbox 579 1171 831 1215; x_wconf 90' lang='lat' dir='ltr'><strong>errores</strong></span> <span class='ocrx_word' id='word_1_45' title='bbox 888 1171 1040 1214; x_wconf 92' lang='lat' dir='ltr'><strong>suos</strong></span> <span class='ocrx_word' id='word_1_46' title='bbox 1087 1149 1423 1214; x_wconf 82' lang='lat' dir='ltr'><strong>adstruere</strong></span> <span class='ocrx_word' id='word_1_47' title='bbox 1472 1154 1821 1230; x_wconf 89' lang='lat' dir='ltr'><strong>conentur,</strong></span> <span class='ocrx_word' id='word_1_48' title='bbox 1877 1170 2009 1213; x_wconf 93' lang='lat' dir='ltr'><strong>non</strong></span> <span class='ocrx_word' id='word_1_49' title='bbox 2068 1148 2334 1212; x_wconf 90' lang='lat' dir='ltr'><strong>dubium</strong></span> <span class='ocrx_word' id='word_1_50' title='bbox 2378 1152 2498 1228; x_wconf 89' lang='lat' dir='ltr'><strong>est,</strong></span> 
     </span>
     <span class='ocr_line' id='line_1_8' title="bbox 243 1254 2502 1340; baseline -0 -19"><span class='ocrx_word' id='word_1_51' title='bbox 243 1257 403 1340; x_wconf 88' lang='lat' dir='ltr'><strong>quin</strong></span> <span class='ocrx_word' id='word_1_52' title='bbox 450 1258 737 1321; x_wconf 89' lang='lat' dir='ltr'><strong>auctoris</strong></span> <span class='ocrx_word' id='word_1_53' title='bbox 784 1257 885 1320; x_wconf 91' lang='lat' dir='ltr'><strong>sui</strong></span> <span class='ocrx_word' id='word_1_54' title='bbox 930 1256 1164 1321; x_wconf 86' lang='lat' dir='ltr'><strong>callida</strong></span> <span class='ocrx_word' id='word_1_55' title='bbox 1208 1256 1726 1321; x_wconf 87' lang='lat' dir='ltr'><strong>machinamenta</strong></span> <span class='ocrx_word' id='word_1_56' title='bbox 1772 1260 2126 1337; x_wconf 80' lang='lat' dir='ltr'><strong>sectentur,</strong></span> <span class='ocrx_word' id='word_1_57' title='bbox 2182 1276 2350 1337; x_wconf 86' lang='lat' dir='ltr'><strong>quae</strong></span> <span class='ocrx_word' id='word_1_58' title='bbox 2396 1254 2502 1320; x_wconf 86' lang='lat' dir='ltr'><strong>illc</strong></span> 
     </span>
     <span class='ocr_line' id='line_1_9' title="bbox 244 1362 2503 1447; baseline -0.001 -19"><span class='ocrx_word' id='word_1_59' title='bbox 244 1386 598 1447; x_wconf 81' lang='lat' dir='ltr'><strong>numquam</strong></span> <span class='ocrx_word' id='word_1_60' title='bbox 619 1363 917 1447; x_wconf 88' lang='lat' dir='ltr'><strong>profecto</strong></span> <span class='ocrx_word' id='word_1_61' title='bbox 952 1364 1562 1444; x_wconf 74' lang='lat' dir='ltr'><strong>comminisceretur,</strong></span> <span class='ocrx_word' id='word_1_62' title='bbox 1598 1364 1720 1427; x_wconf 91' lang='lat' dir='ltr'><strong>nisi</strong></span> <span class='ocrx_word' id='word_1_63' title='bbox 1752 1363 1948 1427; x_wconf 86' lang='lat' dir='ltr'><strong>sciret</strong></span> <span class='ocrx_word' id='word_1_64' title='bbox 1973 1363 2234 1427; x_wconf 90' lang='lat' dir='ltr'><strong>omnino</strong></span> <span class='ocrx_word' id='word_1_65' title='bbox 2259 1362 2503 1427; x_wconf 89' lang='lat' dir='ltr'><strong>nullam</strong></span> 
     </span>
     <span class='ocr_line' id='line_1_10' title="bbox 244 1469 2504 1552; baseline -0.001 -16"><span class='ocrx_word' id='word_1_66' title='bbox 244 1493 386 1536; x_wconf 85' lang='lat' dir='ltr'><strong>esse</strong></span> <span class='ocrx_word' id='word_1_67' title='bbox 449 1471 537 1535; x_wconf 89' lang='lat' dir='ltr'><strong>ad</strong></span> <span class='ocrx_word' id='word_1_68' title='bbox 595 1471 946 1536; x_wconf 89' lang='lat' dir='ltr'><strong>fallendum</strong></span> <span class='ocrx_word' id='word_1_69' title='bbox 1004 1470 1360 1536; x_wconf 88' lang='lat' dir='ltr'><strong>faciliorem</strong></span> <span class='ocrx_word' id='word_1_70' title='bbox 1415 1471 1616 1549; x_wconf 84' lang='lat' dir='ltr'><strong>viam,</strong></span> <span class='ocrx_word' id='word_1_71' title='bbox 1681 1492 1873 1552; x_wconf 88' lang='lat' dir='ltr'><strong>quam</strong></span> <span class='ocrx_word' id='word_1_72' title='bbox 1931 1475 2004 1533; x_wconf 89' lang='lat' dir='ltr'><strong>ut</strong></span> <span class='ocrx_word' id='word_1_73' title='bbox 2026 1519 2042 1550; x_wconf 91' lang='lat'><strong>,</strong></span> <span class='ocrx_word' id='word_1_74' title='bbox 2104 1469 2216 1533; x_wconf 91' lang='lat' dir='ltr'><strong>ubi</strong></span> <span class='ocrx_word' id='word_1_75' title='bbox 2275 1469 2504 1534; x_wconf 88' lang='lat' dir='ltr'><strong>nefarii</strong></span> 
     </span>
     <span class='ocr_line' id='line_1_11' title="bbox 245 1576 2574 1658; baseline 0.001 -15"><span class='ocrx_word' id='word_1_76' title='bbox 245 1579 485 1644; x_wconf 87' lang='lat' dir='ltr'><strong>erroris</strong></span> <span class='ocrx_word' id='word_1_77' title='bbox 546 1578 991 1643; x_wconf 88' lang='lat' dir='ltr'><strong>subinducitur</strong></span> <span class='ocrx_word' id='word_1_78' title='bbox 1049 1577 1521 1658; x_wconf 88' lang='lat' dir='ltr'><strong>fraudulentia,</strong></span> <span class='ocrx_word' id='word_1_79' title='bbox 1591 1576 1681 1642; x_wconf 91' lang='lat' dir='ltr'><strong>ibi</strong></span> <span class='ocrx_word' id='word_1_80' title='bbox 1742 1576 2102 1641; x_wconf 84' lang='lat' dir='ltr'><strong>divinorum</strong></span> <span class='ocrx_word' id='word_1_81' title='bbox 2160 1576 2504 1642; x_wconf 86' lang='lat' dir='ltr'><strong>verborum</strong></span> <span class='ocrx_word' id='word_1_82' title='bbox 2522 1605 2574 1645; x_wconf 85' lang='lat'><strong>10</strong></span> 
     </span>
     <span class='ocr_line' id='line_1_12' title="bbox 246 1684 1136 1768; baseline 0.003 -18"><span class='ocrx_word' id='word_1_83' title='bbox 246 1684 715 1768; x_wconf 85' lang='lat' dir='ltr'><strong>praetendatur</strong></span> <span class='ocrx_word' id='word_1_84' title='bbox 759 1687 1136 1753; x_wconf 81' lang='lat' dir='ltr'><strong>auctoritas,</strong></span> 
     </span>
    </p>

    <p class='ocr_par' dir='ltr' id='par_1_3' title="bbox 244 1791 2575 3801">
     <span class='ocr_line' id='line_1_13' title="bbox 423 1791 2502 1876; baseline 0 -20"><span class='ocrx_word' id='word_1_85' title='bbox 423 1792 697 1860; x_wconf 89' lang='lat' dir='ltr'>XXVI.</span> <span class='ocrx_word' id='word_1_86' title='bbox 748 1791 880 1858; x_wconf 85' lang='lat' dir='ltr'><strong>Sed</strong></span> <span class='ocrx_word' id='word_1_87' title='bbox 928 1793 1102 1858; x_wconf 89' lang='lat' dir='ltr'><strong>dicet</strong></span> <span class='ocrx_word' id='word_1_88' title='bbox 1146 1793 1410 1876; x_wconf 88' lang='lat' dir='ltr'><strong>aliquis:</strong></span> <span class='ocrx_word' id='word_1_89' title='bbox 1474 1793 1647 1858; x_wconf 88' lang='lat' dir='ltr'><strong>unde</strong></span> <span class='ocrx_word' id='word_1_90' title='bbox 1692 1791 2029 1876; x_wconf 86' lang='lat' dir='ltr'><strong>probatur,</strong></span> <span class='ocrx_word' id='word_1_91' title='bbox 2081 1792 2233 1874; x_wconf 90' lang='lat' dir='ltr'><strong>quia</strong></span> <span class='ocrx_word' id='word_1_92' title='bbox 2279 1812 2502 1856; x_wconf 87' lang='lat' dir='ltr'><strong>sacrae</strong></span> 
     </span>
     <span class='ocr_line' id='line_1_14' title="bbox 251 1899 2502 1984; baseline -0.001 -21"><span class='ocrx_word' id='word_1_93' title='bbox 251 1899 440 1982; x_wconf 87' lang='lat' dir='ltr'><strong>Legis</strong></span> <span class='ocrx_word' id='word_1_94' title='bbox 491 1900 797 1984; x_wconf 84' lang='lat' dir='ltr'><strong>exemplis</strong></span> <span class='ocrx_word' id='word_1_95' title='bbox 845 1900 1142 1965; x_wconf 88' lang='lat' dir='ltr'><strong>diabolus</strong></span> <span class='ocrx_word' id='word_1_96' title='bbox 1207 1901 1303 1964; x_wconf 89' lang='lat' dir='ltr'><strong>uti</strong></span> <span class='ocrx_word' id='word_1_97' title='bbox 1366 1900 1624 1964; x_wconf 76' lang='lat' dir='ltr'><strong>soleat?</strong></span> <span class='ocrx_word' id='word_1_98' title='bbox 1730 1899 1947 1982; x_wconf 87' lang='lat' dir='ltr'><strong>Legat</strong></span> <span class='ocrx_word' id='word_1_99' title='bbox 1992 1899 2379 1981; x_wconf 83' lang='lat' dir='ltr'><strong>Evangelia,</strong></span> <span class='ocrx_word' id='word_1_100' title='bbox 2436 1899 2502 1962; x_wconf 87' lang='lat' dir='ltr'><strong>in</strong></span> 
     </span>
     <span class='ocr_line' id='line_1_15' title="bbox 261 2004 2502 2089; baseline -0.001 -18"><span class='ocrx_word' id='word_1_101' title='bbox 261 2007 478 2088; x_wconf 81' lang='lat' dir='ltr'><strong>quibus</strong></span> <span class='ocrx_word' id='word_1_102' title='bbox 505 2007 840 2072; x_wconf 88' lang='lat' dir='ltr'><strong>scribitur:</strong></span> <span class='ocrx_word' id='word_1_103' title='bbox 877 2019 1033 2072; x_wconf 83' lang='lat' dir='ltr'><strong>tuno</strong></span> <span class='ocrx_word' id='word_1_104' title='bbox 1056 2011 1432 2089; x_wconf 72' lang='lat' dir='ltr'><strong>adsumpsit</strong></span> <span class='ocrx_word' id='word_1_105' title='bbox 1455 2011 1647 2072; x_wconf 87' lang='lat' dir='ltr'><strong>illum</strong></span> <span class='ocrx_word' id='word_1_106' title='bbox 1678 2010 1985 2072; x_wconf 77' lang='lat' dir='ltr'><strong>diabolus</strong></span> <span class='ocrx_word' id='word_1_107' title='bbox 2009 2004 2102 2089; x_wconf 91' lang='lat' dir='ltr'><strong>(id</strong></span> <span class='ocrx_word' id='word_1_108' title='bbox 2136 2009 2265 2069; x_wconf 89' lang='lat' dir='ltr'><strong>est:</strong></span> <span class='ocrx_word' id='word_1_109' title='bbox 2303 2004 2502 2070; x_wconf 85' lang='lat' dir='ltr'><strong>domi-</strong></span> 
     </span>
     <span class='ocr_line' id='line_1_16' title="bbox 255 2114 2575 2199; baseline 0 -22"><span class='ocrx_word' id='word_1_110' title='bbox 255 2135 397 2178; x_wconf 90' lang='lat' dir='ltr'><strong>num</strong></span> <span class='ocrx_word' id='word_1_111' title='bbox 445 2114 860 2199; x_wconf 85' lang='lat' dir='ltr'><strong>salvatorem)</strong></span> <span class='ocrx_word' id='word_1_112' title='bbox 911 2124 978 2178; x_wconf 86' lang='lat' dir='ltr'><strong>et</strong></span> <span class='ocrx_word' id='word_1_113' title='bbox 1021 2121 1263 2179; x_wconf 72' lang='lat' dir='ltr'><strong>statuit</strong></span> <span class='ocrx_word' id='word_1_114' title='bbox 1310 2118 1499 2178; x_wconf 87' lang='lat' dir='ltr'><strong>illum</strong></span> <span class='ocrx_word' id='word_1_115' title='bbox 1547 2134 1759 2195; x_wconf 77' lang='lat' dir='ltr'><strong>supra</strong></span> <span class='ocrx_word' id='word_1_116' title='bbox 1811 2120 2094 2195; x_wconf 82' lang='lat' dir='ltr'><strong>pinnam</strong></span> <span class='ocrx_word' id='word_1_117' title='bbox 2142 2115 2377 2194; x_wconf 79' lang='lat' dir='ltr'><strong>ienzpli</strong></span> <span class='ocrx_word' id='word_1_118' title='bbox 2437 2121 2507 2176; x_wconf 85' lang='lat' dir='ltr'><strong>et</strong></span> <span class='ocrx_word' id='word_1_119' title='bbox 2525 2138 2575 2177; x_wconf 86' lang='lat'><strong>15</strong></span> 
     </span>
     <span class='ocr_line' id='line_1_17' title="bbox 248 2222 2506 2302; baseline -0.001 -15"><span class='ocrx_word' id='word_1_120' title='bbox 248 2224 424 2287; x_wconf 69' lang='lat' dir='ltr'><strong>dixu</strong></span> <span class='ocrx_word' id='word_1_121' title='bbox 472 2229 574 2287; x_wconf 85' lang='lat' dir='ltr'><strong>ei:</strong></span> <span class='ocrx_word' id='word_1_122' title='bbox 619 2229 684 2287; x_wconf 75' lang='lat' dir='ltr'><strong>si</strong></span> <span class='ocrx_word' id='word_1_123' title='bbox 719 2226 906 2302; x_wconf 74' lang='lat' dir='ltr'><strong>filius</strong></span> <span class='ocrx_word' id='word_1_124' title='bbox 953 2225 1064 2286; x_wconf 83' lang='lat' dir='ltr'><strong>dei</strong></span> <span class='ocrx_word' id='word_1_125' title='bbox 1111 2242 1207 2302; x_wconf 67' lang='lat' dir='ltr'><strong>eo,</strong></span> <span class='ocrx_word' id='word_1_126' title='bbox 1251 2228 1443 2285; x_wconf 78' lang='lat' dir='ltr'><strong>mitte</strong></span> <span class='ocrx_word' id='word_1_127' title='bbox 1491 2230 1558 2285; x_wconf 82' lang='lat' dir='ltr'><strong>ie</strong></span> <span class='ocrx_word' id='word_1_128' title='bbox 1589 2224 1923 2285; x_wconf 74' lang='lat' dir='ltr'><strong>deorsum.</strong></span> <span class='ocrx_word' id='word_1_129' title='bbox 2020 2222 2355 2301; x_wconf 75' lang='lat' dir='ltr'><strong>Scriptum</strong></span> <span class='ocrx_word' id='word_1_130' title='bbox 2400 2230 2506 2285; x_wconf 73' lang='lat' dir='ltr'><strong>est</strong></span> 
     </span>
     <span class='ocr_line' id='line_1_18' title="bbox 251 2330 2504 2411; baseline 0 -20"><span class='ocrx_word' id='word_1_131' title='bbox 251 2336 444 2411; x_wconf 81' lang='lat' dir='ltr'><strong>euim,</strong></span> <span class='ocrx_word' id='word_1_132' title='bbox 482 2333 662 2411; x_wconf 84' lang='lat' dir='ltr'><strong>quod</strong></span> <span class='ocrx_word' id='word_1_133' title='bbox 688 2334 948 2410; x_wconf 70' lang='lat' dir='ltr'><strong>anyelis·</strong></span> <span class='ocrx_word' id='word_1_134' title='bbox 982 2336 1128 2393; x_wconf 76' lang='lat' dir='ltr'><strong>suis</strong></span> <span class='ocrx_word' id='word_1_135' title='bbox 1159 2332 1508 2394; x_wconf 76' lang='lat' dir='ltr'><strong>mandavit</strong></span> <span class='ocrx_word' id='word_1_136' title='bbox 1536 2332 1619 2394; x_wconf 80' lang='lat' dir='ltr'><strong>cle</strong></span> <span class='ocrx_word' id='word_1_137' title='bbox 1653 2339 1739 2410; x_wconf 85' lang='lat' dir='ltr'><strong>te,</strong></span> <span class='ocrx_word' id='word_1_138' title='bbox 1789 2338 1865 2392; x_wconf 88' lang='lat' dir='ltr'><strong>ut</strong></span> <span class='ocrx_word' id='word_1_139' title='bbox 1894 2330 2281 2392; x_wconf 74' lang='lat' dir='ltr'><strong>custodiant</strong></span> <span class='ocrx_word' id='word_1_140' title='bbox 2321 2337 2385 2392; x_wconf 83' lang='lat' dir='ltr'><strong>te</strong></span> <span class='ocrx_word' id='word_1_141' title='bbox 2431 2334 2504 2391; x_wconf 84' lang='lat' dir='ltr'><strong>in</strong></span> 
     </span>
     <span class='ocr_line' id='line_1_19' title="bbox 245 2437 2501 2517; baseline 0 -18"><span class='ocrx_word' id='word_1_142' title='bbox 245 2440 553 2501; x_wconf 75' lang='lat' dir='ltr'><strong>omuibus</strong></span> <span class='ocrx_word' id='word_1_143' title='bbox 598 2444 725 2501; x_wconf 74' lang='lat' dir='ltr'><strong>viis</strong></span> <span class='ocrx_word' id='word_1_144' title='bbox 772 2443 937 2517; x_wconf 76' lang='lat' dir='ltr'><strong>tuis3</strong></span> <span class='ocrx_word' id='word_1_145' title='bbox 986 2443 1057 2500; x_wconf 83' lang='lat' dir='ltr'><strong>iu</strong></span> <span class='ocrx_word' id='word_1_146' title='bbox 1103 2440 1411 2500; x_wconf 73' lang='lat' dir='ltr'><strong>manibus</strong></span> <span class='ocrx_word' id='word_1_147' title='bbox 1443 2440 1686 2500; x_wconf 82' lang='lat' dir='ltr'><strong>tollent</strong></span> <span class='ocrx_word' id='word_1_148' title='bbox 1714 2444 1800 2517; x_wconf 85' lang='lat' dir='ltr'><strong>ie,</strong></span> <span class='ocrx_word' id='word_1_149' title='bbox 1848 2455 1933 2499; x_wconf 84' lang='lat' dir='ltr'><strong>ue</strong></span> <span class='ocrx_word' id='word_1_150' title='bbox 1969 2439 2158 2515; x_wconf 82' lang='lat' dir='ltr'><strong>forie</strong></span> <span class='ocrx_word' id='word_1_151' title='bbox 2191 2437 2501 2512; x_wconf 77' lang='lat' dir='ltr'><strong>offendas</strong></span> 
     </span>
     <span class='ocr_line' id='line_1_20' title="bbox 244 2538 2499 2624; baseline -0 -19"><span class='ocrx_word' id='word_1_152' title='bbox 244 2545 338 2606; x_wconf 82' lang='lat' dir='ltr'><strong>ad</strong></span> <span class='ocrx_word' id='word_1_153' title='bbox 363 2545 657 2624; x_wconf 78' lang='lat' dir='ltr'><strong>lapidem</strong></span> <span class='ocrx_word' id='word_1_154' title='bbox 679 2546 921 2623; x_wconf 82' lang='lat' dir='ltr'><strong>pedem</strong></span> <span class='ocrx_word' id='word_1_155' title='bbox 957 2551 1160 2606; x_wconf 82' lang='lat' dir='ltr'><strong>tuum.</strong></span> <span class='ocrx_word' id='word_1_156' title='bbox 1240 2538 1413 2623; x_wconf 75' lang='lat' dir='ltr'><strong>Quid</strong></span> <span class='ocrx_word' id='word_1_157' title='bbox 1444 2540 1547 2603; x_wconf 91' lang='lat' dir='ltr'><strong>hic</strong></span> <span class='ocrx_word' id='word_1_158' title='bbox 1580 2539 1777 2605; x_wconf 88' lang='lat' dir='ltr'><strong>faciet</strong></span> <span class='ocrx_word' id='word_1_159' title='bbox 1808 2540 2068 2603; x_wconf 87' lang='lat' dir='ltr'><strong>misellis</strong></span> <span class='ocrx_word' id='word_1_160' title='bbox 2111 2539 2499 2610; x_wconf 79' lang='lat' dir='ltr'><strong>hominibus,</strong></span> 
     </span>
     <span class='ocr_line' id='line_1_21' title="bbox 244 2646 2573 2730; baseline -0 -18"><span class='ocrx_word' id='word_1_161' title='bbox 244 2649 355 2730; x_wconf 89' lang='lat' dir='ltr'><strong>qui</strong></span> <span class='ocrx_word' id='word_1_162' title='bbox 385 2649 597 2730; x_wconf 90' lang='lat' dir='ltr'><strong>ipsum</strong></span> <span class='ocrx_word' id='word_1_163' title='bbox 630 2654 966 2715; x_wconf 84' lang='lat' dir='ltr'><strong>domiuum</strong></span> <span class='ocrx_word' id='word_1_164' title='bbox 999 2654 1380 2713; x_wconf 73' lang='lat' dir='ltr'><strong>niuiesiaiis</strong></span> <span class='ocrx_word' id='word_1_165' title='bbox 1411 2647 1875 2728; x_wconf 86' lang='lat' dir='ltr'><strong>scripturarum</strong></span> <span class='ocrx_word' id='word_1_166' title='bbox 1899 2646 2281 2711; x_wconf 88' lang='lat' dir='ltr'><strong>testimoniis</strong></span> <span class='ocrx_word' id='word_1_167' title='bbox 2307 2646 2501 2728; x_wconf 90' lang='lat' dir='ltr'><strong>adpe-</strong></span> <span class='ocrx_word' id='word_1_168' title='bbox 2520 2671 2573 2711; x_wconf 75' lang='lat'><strong>20</strong></span> 
     </span>
     <span class='ocr_line' id='line_1_22' title="bbox 245 2751 2500 2838; baseline -0.001 -21"><span class='ocrx_word' id='word_1_169' title='bbox 245 2756 433 2820; x_wconf 76' lang='lat' dir='ltr'><strong>tivit?</strong></span> <span class='ocrx_word' id='word_1_170' title='bbox 530 2758 629 2837; x_wconf 86' lang='lat' dir='ltr'><strong>Si,</strong></span> <span class='ocrx_word' id='word_1_171' title='bbox 661 2756 885 2838; x_wconf 89' lang='lat' dir='ltr'><strong>inquit,</strong></span> <span class='ocrx_word' id='word_1_172' title='bbox 911 2759 1096 2834; x_wconf 74' lang='lat' dir='ltr'><strong>filius</strong></span> <span class='ocrx_word' id='word_1_173' title='bbox 1144 2757 1254 2818; x_wconf 82' lang='lat' dir='ltr'><strong>dei</strong></span> <span class='ocrx_word' id='word_1_174' title='bbox 1301 2775 1398 2834; x_wconf 78' lang='lat' dir='ltr'><strong>es,</strong></span> <span class='ocrx_word' id='word_1_175' title='bbox 1443 2760 1637 2817; x_wconf 80' lang='lat' dir='ltr'><strong>mitte</strong></span> <span class='ocrx_word' id='word_1_176' title='bbox 1683 2763 1749 2817; x_wconf 84' lang='lat' dir='ltr'><strong>te</strong></span> <span class='ocrx_word' id='word_1_177' title='bbox 1795 2757 2130 2818; x_wconf 77' lang='lat' dir='ltr'><strong>deorsum.</strong></span> <span class='ocrx_word' id='word_1_178' title='bbox 2225 2751 2444 2836; x_wconf 75' lang='lat' dir='ltr'><strong>Quare</strong></span> <span class='ocrx_word' id='word_1_179' title='bbox 2467 2752 2500 2815; x_wconf 73' lang='grc' dir='ltr'><strong>ἱ)</strong></span> 
     </span>
     <span class='ocr_line' id='line_1_23' title="bbox 249 2858 2501 2943; baseline -0.001 -17"><span class='ocrx_word' id='word_1_180' title='bbox 249 2864 585 2943; x_wconf 81' lang='lat' dir='ltr'><strong>Scriptum</strong></span> <span class='ocrx_word' id='word_1_181' title='bbox 618 2871 722 2926; x_wconf 73' lang='lat' dir='ltr'><strong>esi</strong></span> <span class='ocrx_word' id='word_1_182' title='bbox 763 2869 961 2943; x_wconf 84' lang='lat' dir='ltr'><strong>enim,</strong></span> <span class='ocrx_word' id='word_1_183' title='bbox 1005 2861 1233 2943; x_wconf 88' lang='lat' dir='ltr'><strong>inquit.</strong></span> <span class='ocrx_word' id='word_1_184' title='bbox 1328 2859 1739 2942; x_wconf 85' lang='lat' dir='ltr'><strong>Magnopere</strong></span> <span class='ocrx_word' id='word_1_185' title='bbox 1786 2859 1974 2923; x_wconf 92' lang='lat' dir='ltr'><strong>nobis</strong></span> <span class='ocrx_word' id='word_1_186' title='bbox 2022 2858 2326 2924; x_wconf 88' lang='lat' dir='ltr'><strong>doctrina</strong></span> <span class='ocrx_word' id='word_1_187' title='bbox 2370 2859 2501 2924; x_wconf 91' lang='lat' dir='ltr'><strong>loci</strong></span> 
     </span>
     <span class='ocr_line' id='line_1_24' title="bbox 246 2965 2500 3050; baseline -0 -19"><span class='ocrx_word' id='word_1_188' title='bbox 246 2967 429 3032; x_wconf 88' lang='lat' dir='ltr'><strong>istius</strong></span> <span class='ocrx_word' id='word_1_189' title='bbox 475 2968 889 3033; x_wconf 91' lang='lat' dir='ltr'><strong>adtendenda</strong></span> <span class='ocrx_word' id='word_1_190' title='bbox 934 2973 1130 3050; x_wconf 88' lang='lat' dir='ltr'><strong>atque</strong></span> <span class='ocrx_word' id='word_1_191' title='bbox 1176 2965 1517 3032; x_wconf 86' lang='lat' dir='ltr'><strong>retinenda</strong></span> <span class='ocrx_word' id='word_1_192' title='bbox 1565 2970 1691 3049; x_wconf 83' lang='lat' dir='ltr'><strong>est,</strong></span> <span class='ocrx_word' id='word_1_193' title='bbox 1740 2972 1814 3030; x_wconf 93' lang='lat' dir='ltr'><strong>ut</strong></span> <span class='ocrx_word' id='word_1_194' title='bbox 1860 2970 2047 3032; x_wconf 90' lang='lat' dir='ltr'><strong>tanto</strong></span> <span class='ocrx_word' id='word_1_195' title='bbox 2097 2965 2500 3049; x_wconf 85' lang='lat' dir='ltr'><strong>evangelicae</strong></span> 
     </span>
     <span class='ocr_line' id='line_1_25' title="bbox 247 3073 2501 3157; baseline -0.001 -18"><span class='ocrx_word' id='word_1_196' title='bbox 247 3074 654 3139; x_wconf 89' lang='lat' dir='ltr'><strong>auctoritatis</strong></span> <span class='ocrx_word' id='word_1_197' title='bbox 680 3075 991 3157; x_wconf 86' lang='lat' dir='ltr'><strong>exemp10,</strong></span> <span class='ocrx_word' id='word_1_198' title='bbox 1028 3075 1286 3157; x_wconf 90' lang='lat' dir='ltr'><strong>quando</strong></span> <span class='ocrx_word' id='word_1_199' title='bbox 1313 3074 1566 3156; x_wconf 88' lang='lat' dir='ltr'><strong>aliquos</strong></span> <span class='ocrx_word' id='word_1_200' title='bbox 1591 3074 1955 3157; x_wconf 88' lang='lat' dir='ltr'><strong>apostolica</strong></span> <span class='ocrx_word' id='word_1_201' title='bbox 1974 3096 2088 3139; x_wconf 90' lang='lat' dir='ltr'><strong>seu</strong></span> <span class='ocrx_word' id='word_1_202' title='bbox 2117 3073 2501 3156; x_wconf 89' lang='lat' dir='ltr'><strong>prophetica</strong></span> 
     </span>
     <span class='ocr_line' id='line_1_26' title="bbox 248 3179 2573 3266; baseline 0 -22"><span class='ocrx_word' id='word_1_203' title='bbox 248 3182 444 3247; x_wconf 85' lang='lat' dir='ltr'><strong>verba</strong></span> <span class='ocrx_word' id='word_1_204' title='bbox 486 3183 775 3266; x_wconf 84' lang='lat' dir='ltr'><strong>proferre</strong></span> <span class='ocrx_word' id='word_1_205' title='bbox 823 3188 1052 3248; x_wconf 89' lang='lat' dir='ltr'><strong>contra</strong></span> <span class='ocrx_word' id='word_1_206' title='bbox 1099 3182 1487 3247; x_wconf 86' lang='lat' dir='ltr'><strong>catholicam</strong></span> <span class='ocrx_word' id='word_1_207' title='bbox 1532 3180 1727 3245; x_wconf 92' lang='lat' dir='ltr'><strong>fidem</strong></span> <span class='ocrx_word' id='word_1_208' title='bbox 1759 3181 2126 3262; x_wconf 88' lang='lat' dir='ltr'><strong>viderimus,</strong></span> <span class='ocrx_word' id='word_1_209' title='bbox 2175 3179 2499 3245; x_wconf 91' lang='lat' dir='ltr'><strong>diabolum</strong></span> <span class='ocrx_word' id='word_1_210' title='bbox 2519 3205 2573 3245; x_wconf 80' lang='lat'><strong>25</strong></span> 
     </span>
     <span class='ocr_line' id='line_1_27' title="bbox 247 3288 2500 3373; baseline -0.001 -19"><span class='ocrx_word' id='word_1_211' title='bbox 247 3312 362 3373; x_wconf 89' lang='lat' dir='ltr'><strong>per</strong></span> <span class='ocrx_word' id='word_1_212' title='bbox 423 3311 536 3354; x_wconf 90' lang='lat' dir='ltr'><strong>eos</strong></span> <span class='ocrx_word' id='word_1_213' title='bbox 595 3289 775 3373; x_wconf 89' lang='lat' dir='ltr'><strong>loqui</strong></span> <span class='ocrx_word' id='word_1_214' title='bbox 834 3290 1088 3354; x_wconf 90' lang='lat' dir='ltr'><strong>minime</strong></span> <span class='ocrx_word' id='word_1_215' title='bbox 1153 3289 1538 3356; x_wconf 79' lang='lat' dir='ltr'><strong>dubitemus,</strong></span> <span class='ocrx_word' id='word_1_216' title='bbox 1631 3288 1805 3353; x_wconf 87' lang='lat' dir='ltr'><strong>Nam</strong></span> <span class='ocrx_word' id='word_1_217' title='bbox 1868 3288 2035 3351; x_wconf 89' lang='lat' dir='ltr'><strong>sicut</strong></span> <span class='ocrx_word' id='word_1_218' title='bbox 2096 3293 2253 3352; x_wconf 89' lang='lat' dir='ltr'><strong>tunc</strong></span> <span class='ocrx_word' id='word_1_219' title='bbox 2302 3292 2500 3370; x_wconf 87' lang='lat' dir='ltr'><strong>caput</strong></span> 
     </span>
     <span class='ocr_line' id='line_1_28' title="bbox 249 3394 2501 3480; baseline -0 -20"><span class='ocrx_word' id='word_1_220' title='bbox 249 3398 470 3479; x_wconf 87' lang='lat' dir='ltr'><strong>capiti,</strong></span> <span class='ocrx_word' id='word_1_221' title='bbox 517 3397 612 3461; x_wconf 89' lang='lat' dir='ltr'><strong>ita</strong></span> <span class='ocrx_word' id='word_1_222' title='bbox 649 3418 819 3462; x_wconf 91' lang='lat' dir='ltr'><strong>nunc</strong></span> <span class='ocrx_word' id='word_1_223' title='bbox 853 3418 1109 3480; x_wconf 89' lang='lat' dir='ltr'><strong>quoque</strong></span> <span class='ocrx_word' id='word_1_224' title='bbox 1141 3396 1429 3461; x_wconf 89' lang='lat' dir='ltr'><strong>membra</strong></span> <span class='ocrx_word' id='word_1_225' title='bbox 1459 3395 1762 3460; x_wconf 88' lang='lat' dir='ltr'><strong>membris</strong></span> <span class='ocrx_word' id='word_1_226' title='bbox 1794 3395 2166 3478; x_wconf 90' lang='lat' dir='ltr'><strong>loquuntur,</strong></span> <span class='ocrx_word' id='word_1_227' title='bbox 2214 3394 2501 3459; x_wconf 90' lang='lat' dir='ltr'><strong>membra</strong></span> 
     </span>
     <span class='ocr_line' id='line_1_29' title="bbox 247 3500 2500 3585; baseline 0 -18"><span class='ocrx_word' id='word_1_228' title='bbox 247 3503 488 3568; x_wconf 90' lang='lat' dir='ltr'><strong>scilicet</strong></span> <span class='ocrx_word' id='word_1_229' title='bbox 537 3503 775 3569; x_wconf 90' lang='lat' dir='ltr'><strong>diaboli</strong></span> <span class='ocrx_word' id='word_1_230' title='bbox 831 3503 1133 3567; x_wconf 90' lang='lat' dir='ltr'><strong>membris</strong></span> <span class='ocrx_word' id='word_1_231' title='bbox 1182 3501 1458 3582; x_wconf 84' lang='lat' dir='ltr'><strong>Christi,</strong></span> <span class='ocrx_word' id='word_1_232' title='bbox 1521 3500 1753 3584; x_wconf 91' lang='lat' dir='ltr'><strong>perfidi</strong></span> <span class='ocrx_word' id='word_1_233' title='bbox 1812 3500 2141 3582; x_wconf 80' lang='lat' dir='ltr'><strong>fidelibus,</strong></span> <span class='ocrx_word' id='word_1_234' title='bbox 2205 3502 2500 3585; x_wconf 84' lang='lat' dir='ltr'><strong>sacrilegi</strong></span> 
     </span>
     <span class='ocr_line' id='line_1_30' title="bbox 245 3606 2499 3693; baseline -0 -20"><span class='ocrx_word' id='word_1_235' title='bbox 245 3609 557 3693; x_wconf 87' lang='lat' dir='ltr'><strong>religiosis</strong></span> <span class='ocrx_word' id='word_1_236' title='bbox 574 3659 591 3692; x_wconf 97' lang='lat'><strong>,</strong></span> <span class='ocrx_word' id='word_1_237' title='bbox 653 3610 963 3675; x_wconf 89' lang='lat' dir='ltr'><strong>haeretici</strong></span> <span class='ocrx_word' id='word_1_238' title='bbox 1008 3614 1338 3692; x_wconf 88' lang='lat' dir='ltr'><strong>postremo</strong></span> <span class='ocrx_word' id='word_1_239' title='bbox 1397 3608 1749 3675; x_wconf 68' lang='lat' dir='ltr'><strong>catholicis</strong></span> <span class='ocrx_word' id='word_1_240' title='bbox 1845 3606 1977 3673; x_wconf 86' lang='lat' dir='ltr'><strong>Sed</strong></span> <span class='ocrx_word' id='word_1_241' title='bbox 2038 3608 2193 3691; x_wconf 88' lang='lat' dir='ltr'><strong>quid</strong></span> <span class='ocrx_word' id='word_1_242' title='bbox 2238 3608 2499 3673; x_wconf 86' lang='lat' dir='ltr'><strong>tandem</strong></span> 
     </span>
     <span class='ocr_line' id='line_1_31' title="bbox 246 3714 2571 3801; baseline 0 -21"><span class='ocrx_word' id='word_1_243' title='bbox 246 3717 517 3781; x_wconf 77' lang='lat' dir='ltr'><strong>dicunt?</strong></span> <span class='ocrx_word' id='word_1_244' title='bbox 572 3720 669 3799; x_wconf 86' lang='lat' dir='ltr'><strong>Si,</strong></span> <span class='ocrx_word' id='word_1_245' title='bbox 698 3718 924 3801; x_wconf 89' lang='lat' dir='ltr'><strong>inquit,</strong></span> <span class='ocrx_word' id='word_1_246' title='bbox 964 3722 1151 3797; x_wconf 77' lang='lat' dir='ltr'><strong>filius</strong></span> <span class='ocrx_word' id='word_1_247' title='bbox 1182 3720 1291 3782; x_wconf 77' lang='lat' dir='ltr'><strong>dei</strong></span> <span class='ocrx_word' id='word_1_248' title='bbox 1323 3737 1419 3797; x_wconf 60' lang='grc' dir='ltr'><strong>εδ,</strong></span> <span class='ocrx_word' id='word_1_249' title='bbox 1449 3724 1641 3781; x_wconf 83' lang='lat' dir='ltr'><strong>mitte</strong></span> <span class='ocrx_word' id='word_1_250' title='bbox 1671 3726 1738 3781; x_wconf 83' lang='lat' dir='ltr'><strong>ie</strong></span> <span class='ocrx_word' id='word_1_251' title='bbox 1767 3720 2103 3782; x_wconf 77' lang='lat' dir='ltr'><strong>deorsum.</strong></span> <span class='ocrx_word' id='word_1_252' title='bbox 2176 3714 2329 3781; x_wconf 90' lang='lat' dir='ltr'><strong>Hoc</strong></span> <span class='ocrx_word' id='word_1_253' title='bbox 2364 3722 2494 3784; x_wconf 88' lang='lat' dir='ltr'><strong>est:</strong></span> <span class='ocrx_word' id='word_1_254' title='bbox 2517 3741 2571 3781; x_wconf 77' lang='lat' dir='ltr'><strong>so</strong></span> 
     </span>
    </p>
   </div>
   <div class='ocr_carea' id='block_1_3' title="bbox 248 3880 676 3889">
    <p class='ocr_par' dir='ltr' id='par_1_4' title="bbox 248 3880 676 3889">
     <span class='ocr_line' id='line_1_32' title="bbox 248 3880 676 3889; baseline 0 828"><span class='ocrx_word' id='word_1_255' title='bbox 248 3880 676 3889; x_wconf 95' lang='lat' dir='ltr'><strong> </strong></span> 
     </span>
    </p>
   </div>
   <div class='ocr_carea' id='block_1_4' title="bbox 253 3965 2495 4127">
    <p class='ocr_par' dir='ltr' id='par_1_5' title="bbox 253 3965 2495 4127">
     <span class='ocr_line' id='line_1_33' title="bbox 425 3965 2495 4037; baseline -0.001 -14"><span class='ocrx_word' id='word_1_256' title='bbox 425 3971 462 4023; x_wconf 89' lang='lat'>4</span> <span class='ocrx_word' id='word_1_257' title='bbox 497 3971 549 4023; x_wconf 81' lang='lat'><strong>2.</strong></span> <span class='ocrx_word' id='word_1_258' title='bbox 589 3967 714 4023; x_wconf 88' lang='lat' dir='ltr'><strong>Cor.</strong></span> <span class='ocrx_word' id='word_1_259' title='bbox 756 3971 839 4037; x_wconf 85' lang='lat'><strong>11,</strong></span> <span class='ocrx_word' id='word_1_260' title='bbox 881 3971 965 4022; x_wconf 88' lang='lat'><strong>13.</strong></span> <span class='ocrx_word' id='word_1_261' title='bbox 1039 3970 1090 4023; x_wconf 79' lang='lat'><strong>2.</strong></span> <span class='ocrx_word' id='word_1_262' title='bbox 1127 3968 1218 4023; x_wconf 86' lang='lat' dir='ltr'><strong>Pt.</strong></span> <span class='ocrx_word' id='word_1_263' title='bbox 1257 3972 1307 4036; x_wconf 82' lang='lat'><strong>2,</strong></span> <span class='ocrx_word' id='word_1_264' title='bbox 1350 3972 1397 4023; x_wconf 89' lang='lat'><strong>1.</strong></span> <span class='ocrx_word' id='word_1_265' title='bbox 1561 3970 1629 4021; x_wconf 88' lang='grc'><strong>14</strong></span> <span class='ocrx_word' id='word_1_266' title='bbox 1665 3967 1772 4024; x_wconf 82' lang='lat' dir='ltr'><strong>Mt.</strong></span> <span class='ocrx_word' id='word_1_267' title='bbox 1810 3971 1861 4034; x_wconf 91' lang='lat'><strong>4,</strong></span> <span class='ocrx_word' id='word_1_268' title='bbox 1901 3969 1950 4021; x_wconf 85' lang='lat'><strong>5.</strong></span> <span class='ocrx_word' id='word_1_269' title='bbox 1990 3968 2041 4020; x_wconf 87' lang='lat'><strong>6.</strong></span> <span class='ocrx_word' id='word_1_270' title='bbox 2191 3969 2257 4021; x_wconf 88' lang='grc'><strong>17</strong></span> <span class='ocrx_word' id='word_1_271' title='bbox 2296 3966 2364 4021; x_wconf 89' lang='lat' dir='ltr'><strong>cf.</strong></span> <span class='ocrx_word' id='word_1_272' title='bbox 2404 3965 2495 4021; x_wconf 86' lang='lat' dir='ltr'><strong>Ps.</strong></span> 
     </span>
     <span class='ocr_line' id='line_1_34' title="bbox 253 4056 1459 4127; baseline -0.002 -15"><span class='ocrx_word' id='word_1_273' title='bbox 253 4059 320 4112; x_wconf 88' lang='grc'><strong>90</strong></span> <span class='ocrx_word' id='word_1_274' title='bbox 357 4056 490 4127; x_wconf 87' lang='grc'><strong>(91),</strong></span> <span class='ocrx_word' id='word_1_275' title='bbox 532 4060 614 4112; x_wconf 92' lang='grc'><strong>11.</strong></span> <span class='ocrx_word' id='word_1_276' title='bbox 655 4060 739 4111; x_wconf 79' lang='grc'><strong>12.</strong></span> <span class='ocrx_word' id='word_1_277' title='bbox 957 4059 1028 4110; x_wconf 80' lang='grc'><strong>20</strong></span> <span class='ocrx_word' id='word_1_278' title='bbox 1068 4059 1116 4116; x_wconf 80' lang='lat' dir='ltr'><strong>l.</strong></span> <span class='ocrx_word' id='word_1_279' title='bbox 1155 4057 1282 4112; x_wconf 85' lang='lat' dir='ltr'><strong>Cor.</strong></span> <span class='ocrx_word' id='word_1_280' title='bbox 1321 4061 1371 4126; x_wconf 78' lang='lat'><strong>2,</strong></span> <span class='ocrx_word' id='word_1_281' title='bbox 1410 4060 1459 4111; x_wconf 88' lang='grc'><strong>8.</strong></span> 
     </span>
    </p>
   </div>
  </div>
 </body>
</html>
