3092 4717
1139 385 1312 456 (xm
1348 383 1660 453 19)-x1V
1697 386 1828 457 (20).
2514 391 2595 451 21

347 545 502 612 dam
546 547 794 613 unitate
839 567 1176 629 personae.
1268 546 1501 631 Neque
1552 548 1718 612 enim
1762 548 1867 612 illa
1913 547 2281 612 coniunctio
2329 547 2599 613 alterum

345 654 419 724 in
463 653 740 718 alterum
799 654 1120 719 convertit
1177 660 1371 737 atque
1417 655 1718 737 mutavit,
1776 655 1886 738 qui
1933 659 2031 720 est
2076 675 2256 719 error
2301 655 2602 738 proprius

348 758 804 843 Arria-norum,
852 761 1089 826 sedita
1129 762 1194 825 in
1241 783 1443 827 unum
1487 763 1706 846 potius
1751 768 2095 845 utrumque
2141 762 2481 845 compegit,
2528 767 2602 826 ut

347 873 653 936 manente
699 888 953 950 semper
1006 869 1072 932 in
1117 866 1377 933 Christo
1445 869 1889 952 singularitate
1952 869 2138 933 unius
2186 869 2600 952 eiusdemque

347 994 685 1058 personae,
730 974 798 1038 in
843 980 1181 1040 aeternum
1243 997 1500 1059 quoque
1558 981 1934 1059 permaneat
1979 977 2343 1059 proprietas
2389 977 2599 1040 unius-
2620 1001 2647 1042 5

351 1081 663 1164 cuiusque
706 1087 999 1164 naturae,
1049 1104 1176 1166 quo
1226 1083 1470 1148 scilicet
1514 1102 1633 1147 nec
1664 1104 1972 1165 umquam
2003 1083 2160 1148 deus
2193 1104 2429 1167 corpus
2463 1103 2603 1147 esse

346 1188 648 1271 incipiat,
694 1208 814 1252 nec
857 1188 1202 1271 aliquando
1251 1209 1485 1273 corpus
1545 1209 1781 1272 corpus
1843 1209 1981 1254 esse
2030 1189 2318 1253 desistat.
2412 1186 2605 1271 Quod

351 1295 551 1362 etiam
596 1295 913 1361 humanae
976 1296 1363 1361 conditionis
1424 1296 1909 1361 demonstratur
1961 1295 2277 1380 exemplo,
2368 1295 2603 1378 Neque

349 1403 525 1467 enim
568 1402 638 1466 in
682 1404 1010 1485 praesenti
1055 1409 1304 1469 tantum
1354 1403 1468 1468 sed
1512 1405 1581 1468 in
1627 1403 1849 1470 futuro
1882 1426 2138 1488 quoque
2170 1405 2603 1487 unusquisque

350 1510 684 1574 hominum
732 1532 812 1575 ex
842 1512 1054 1575 anima
1101 1511 1425 1575 constabit
1456 1517 1523 1576 et
1556 1533 1850 1594 corpore,
1898 1533 2019 1577 nec
2050 1517 2269 1576 tamen
2299 1533 2606 1595 umquam
2626 1538 2677 1577 ιο

352 1622 471 1681 aut
502 1638 740 1700 corpus
769 1619 837 1682 in
869 1618 1143 1682 animam
1174 1623 1288 1683 aut
1319 1619 1531 1683 anima
1562 1625 1850 1683 vertetur
1877 1619 1943 1683 in
1985 1641 2242 1702 corpuS,
2290 1620 2405 1684 sed
2450 1641 2605 1684 uno-

353 1747 616 1808 quoque
639 1725 969 1791 hominum
994 1726 1129 1790 sine
1153 1723 1278 1790 fine
1303 1727 1576 1809 victuro,
1608 1727 1676 1790 in
1700 1748 2087 1809 unoquoque
2112 1726 2444 1791 hominum
2469 1727 2605 1791 sine

353 1832 482 1898 fine
528 1833 891 1899 necessario
940 1833 1273 1916 utriusque
1323 1833 1726 1898 substantiae
1775 1833 2138 1898 differentia
2182 1833 2604 1916 permanebit.

362 1941 471 2005 Ita
510 1941 577 2004 in
609 1939 870 2006 Christo
905 1961 1163 2023 quoque
1196 1940 1529 2024 utriusque
1565 1940 1963 2006 substantiae
1996 1962 2111 2004 sua
2144 1942 2372 2024 cuique
2403 1941 2470 2004 in
2502 1962 2606 2005 ae-

368 2051 616 2111 ternum
639 2047 1023 2131 proprietaS‚
1051 2046 1224 2111 salva
1246 2053 1466 2112 tamen
1489 2069 1806 2130 personae
1826 2048 2097 2130 unitate,
2120 2048 2461 2112 retinenda
2486 2053 2603 2116 est.
2629 2071 2679 2111 15

543 2154 736 2222 XIV.
785 2154 928 2240 (20)
975 2152 1107 2219 Sed
1172 2176 1319 2218 cum
1385 2175 1730 2237 personam
1786 2155 2042 2237 saepius
2087 2155 2493 2219 nominamus
2542 2161 2608 2219 et

365 2261 659 2343 dicimuS,
724 2261 899 2344 quod
960 2262 1119 2327 deus
1181 2283 1299 2345 per
1354 2282 1702 2344 personam
1747 2262 1940 2327 homo
1988 2261 2197 2326 factus
2252 2262 2366 2345 sit,
2428 2262 2609 2325 vehe-

360 2375 609 2433 menter
653 2368 1008 2434 verendum
1054 2379 1182 2451 est,
1237 2391 1319 2434 ne
1365 2369 1491 2434 hoc
1538 2369 1751 2435 dicere
1800 2369 2157 2452 videamur,
2215 2369 2392 2452 quod
2451 2369 2610 2433 deus

359 2475 624 2541 verbum
669 2475 812 2541 sola
857 2477 1216 2542 imitatione
1262 2477 1561 2559 actioniS,
1611 2498 1774 2560 quae
1822 2482 1973 2541 sunt
2019 2482 2266 2558 nostra,
2316 2475 2611 2560 suscepe-

358 2584 466 2664 rit,
530 2589 633 2664 et,
697 2583 1009 2666 quidquid
1068 2583 1229 2647 illud
1289 2590 1391 2648 est
1453 2585 1960 2649 conversationis
2017 2583 2367 2665 humanae,
2428 2584 2686 2665 quasiso

359 2690 779 2754 adumbratus
825 2712 957 2755 non
1004 2690 1187 2773 quasi
1230 2711 1418 2754 verus
1464 2690 1661 2754 homo
1710 2689 1964 2772 fecerit3
2014 2690 2183 2753 sicut
2226 2689 2294 2752 in
2341 2689 2611 2753 theatris

357 2795 497 2861 fieri
545 2798 732 2878 solet,
781 2796 889 2861 ubi
933 2817 1096 2860 unus
1130 2795 1342 2878 plures
1377 2794 1627 2877 effingit
1658 2801 1923 2879 repente
1955 2817 2286 2878 personaS,
2336 2816 2612 2879 quarum

357 2904 497 2987 ipse
543 2903 720 2969 nulla
767 2911 884 2969 est.
959 2902 1508 2987 Quotiescumque
1558 2904 1796 2968 etenim
1842 2903 2054 2986 aliqua
2098 2904 2444 2986 suscipitur
2473 2903 2611 2967 imi-

359 3012 521 3076 tatio
565 3012 836 3076 actionis
884 3010 1149 3092 alienae,
1196 3012 1293 3076 ita
1324 3011 1595 3076 aliorum
1633 3011 1840 3076 officia
1871 3017 1984 3076 aut
2016 3032 2214 3093 opera
2244 3015 2610 3093 patrantur,

357 3125 433 3183 ut
478 3124 697 3184 tamen
742 3120 826 3200 hi,
878 3120 987 3202 qui
1033 3125 1257 3202 agunt,
1304 3140 1435 3183 non
1483 3120 1612 3184 sint
1656 3119 1798 3201 ipsi,
1848 3139 2010 3201 quos
2058 3126 2278 3199 agunt.
2373 3117 2608 3200 Neque
2632 3141 2686 3183 25

359 3227 549 3307 enim,
570 3266 658 3274 --
683 3234 756 3291 ut
779 3226 957 3292 verbi
981 3227 1190 3308 gratia
1213 3227 1641 3291 saecularium
1662 3225 1751 3310 [et
1771 3223 2324 3308 Manichaeorum]
2353 3228 2614 3288 utamur

359 3334 665 3417 exemplis
697 3372 784 3382 --
818 3356 961 3398 cum
993 3339 1180 3398 actor
1211 3335 1495 3415 tragicus
1528 3331 1932 3397 sacerdotem
1956 3329 2200 3413 effingit
2233 3335 2347 3394 aut
2370 3351 2610 3413 regem,

358 3441 663 3507 sacerdos
710 3446 823 3506 aut
867 3463 982 3506 rex
1029 3447 1158 3524 est3
1206 3462 1356 3504 nam
1390 3440 1719 3504 desinente
1765 3448 1916 3502 actu
1947 3438 2135 3501 simul
2174 3443 2239 3502 et
2272 3459 2370 3520 ea,
2420 3460 2615 3521 quam

358 3554 765 3631 susceperat,
832 3569 1112 3631 persona
1160 3548 1432 3612 desistit.
1529 3533 1726 3609 Absit
1786 3544 1912 3610 hoc
1959 3566 1999 3609 a
2042 3545 2231 3610 nobis
2297 3545 2611 3609 nefarium

358 3655 873 3739 sceleratumque
917 3654 1281 3720 ludibrium.
1374 3652 1909 3718 Manichaeorum
1955 3652 2037 3717 sit
2092 3652 2220 3716 ista
2265 3652 2611 3733 dementia,
2634 3675 2687 3715 30

358 3765 493 3847 qui,
526 3763 904 3846 phantasiae
936 3764 1438 3846 praedicatoreS,
1477 3761 1658 3824 aiunt
1687 3759 1887 3825 filium
1912 3759 2016 3824 de'i
2048 3759 2239 3824 deum
2267 3780 2616 3841 personam

357 3870 634 3935 hominis
681 3891 812 3934 non
860 3870 1258 3935 substantive
1305 3868 1589 3934 extitisse
1645 3866 1760 3932 sed
1805 3873 1956 3932 actu
2001 3867 2295 3949 putativo
2331 3865 2616 3948 quodam

357 3983 425 4043 et
474 3979 960 4044 conversatione
1009 3976 1362 4041 simulasse.
1435 3973 1775 4040 Catholica
1806 3995 1955 4039 vero
2000 3971 2162 4038 fides
2208 3974 2302 4037 ita
2346 3972 2616 4038 verbum
