3092 4717
590 433 670 493 12
1387 430 1540 486 V111
1576 429 1855 502 (12)—-1X
1893 433 2024 501 (14).

581 590 810 673 inquit,
860 600 982 655 aut
1022 597 1301 673 anyelus
1331 596 1415 657 de
1446 598 1652 658 eaelo.
1730 592 1887 658 Non
1934 595 2085 677 quia
2131 596 2338 660 sancti
2383 596 2826 681 caelestesque

583 696 791 778 angeli
821 718 1094 779 peccare
1124 699 1253 763 iam
1283 701 1551 782 possint,
1600 700 1714 765 sed
1744 700 1868 764 hoc
1902 707 2021 783 est,
2070 702 2246 783 quod
2288 701 2475 767 dicit:
2524 704 2578 768 si
2610 706 2831 787 etiam,

582 802 822 886 inquit,
883 802 1025 886 fiat,
1092 806 1265 888 quod
1321 827 1451 871 non
1508 813 1730 889 potest
1788 805 1961 889 fieri,
2027 809 2315 891 quisquis
2360 810 2464 875 ille
2523 811 2832 877 traditam

585 909 781 974 semel
827 909 1019 974 fidem
1066 916 1316 977 mutare
1364 914 1728 995 tentaverit,
1779 914 2122 979 anathema
2168 917 2271 982 sit.

538 1040 565 1081 5
760 1017 901 1102 (13)
951 1016 1082 1083 Sed
1124 1019 1285 1085 haec
1329 1019 1604 1085 forsitan
1647 1020 2088 1104 perfunctorie
2133 1021 2545 1105 praelocutus
2595 1029 2715 1107 est,
2767 1030 2836 1089 et

584 1122 863 1189 humano
895 1126 1114 1207 potius
1148 1126 1372 1191 effudit
1417 1128 1683 1210 impetu,
1732 1150 1926 1210 quam
1974 1130 2185 1193 divina
2213 1130 2467 1194 ratione
2502 1130 2835 1196 decrevit?

586 1233 804 1298 Absit.
870 1231 1177 1316 Sequitur
1210 1235 1398 1316 enim,
1432 1241 1499 1299 et
1529 1235 1655 1300 hoc
1687 1235 1899 1318 ipsum
1927 1237 2174 1318 ingenti
2204 1236 2530 1302 molimine
2561 1238 2839 1303 iteratae

585 1341 1035 1404 insinuationis
1081 1340 1396 1406 inculcat:
1445 1350 1623 1407 sieut
1656 1346 2164 1425 praedia-imae,
2228 1344 2472 1427 inquit,
2538 1356 2607 1410 et
2665 1367 2840 1410 nunc

587 1454 833 1512 iterum
858 1451 1005 1512 dieo
1021 1471 1045 1511 .·
1074 1455 1139 1513 .ςὶ
1162 1456 1315 1529 quis
1340 1453 1526 1514 vobis
1552 1454 2131 1532 evanyelz'zaverz‘t,
2155 1462 2637 1533 praeterquam
2664 1457 2842 1534 quod

517 1576 568 1616 10
588 1561 980 1635 accepiste‘S,
1034 1559 1388 1620 anathema
1431 1564 1546 1622 sit.
1608 1555 1765 1621 Non
1814 1557 2006 1620 dixit:
2071 1558 2124 1620 si
2172 1562 2316 1640 quis
2363 1558 2539 1622 vobis
2590 1559 2837 1623 adnun-

586 1660 861 1741 tiaverit,
895 1666 1350 1744 praeterquam
1374 1663 1552 1744 quod
1577 1664 1935 1746 accepistis»,
1971 1664 2347 1730 benedictus
2382 1665 2486 1745 sit,
2510 1665 2837 1748 laudetur,

586 1768 970 1850 recipiatur,
1034 1768 1180 1832 sed:
1267 1774 1623 1835 anathema
1692 1780 1823 1853 sit,
1884 1772 2126 1854 inquit,
2187 1771 2254 1836 id
2326 1777 2426 1836 est
2500 1779 2838 1856 separatus

590 1880 966 1956 segregatus
1000 1875 1319 1957 exclusus;
1362 1898 1441 1941 ne
1475 1879 1663 1943 unius
1698 1879 1831 1944 ovis
1865 1878 2073 1942 dirum
2107 1880 2478 1961 contagium
2508 1880 2840 1945 innoxium

588 2002 846 2063 gregem
894 1980 1133 2047 Christi
1181 1989 1497 2049 venenata
1542 1986 1972 2068 permixtione
2020 1988 2438 2052 contaminet.

519 2111 572 2151 15
768 2089 900 2153 IX.
951 2087 1083 2155 Sed
1140 2091 1414 2157 forsitan
1463 2091 1716 2158 Galatis
1773 2099 2026 2158 tantum
2071 2095 2200 2159 ista
2243 2101 2595 2177 praecepta
2642 2096 2838 2158 sunt?

589 2196 766 2279 Ergo
818 2203 883 2260 et
928 2196 1040 2261 illa
1086 2198 1235 2262 solis
1285 2197 1537 2263 Galatis
1600 2201 1917 2282 imperata
1964 2206 2144 2280 sunt,
2208 2222 2372 2281 quae
2430 2202 2495 2262 in
2556 2200 2838 2264 eiusdem

592 2303 902 2385 epistulae
950 2304 1364 2386 sequentibus
1413 2312 2019 2385 commemorantur,
2068 2304 2286 2386 qualia
2332 2310 2480 2366 sunt
2527 2303 2723 2367 haec:
2773 2312 2839 2368 εἰ

589 2417 872 2475 vivimus
893 2416 1164 2493 spiritu,
1192 2417 1442 2493 spiritu
1467 2421 1534 2474 et
1552 2414 1983 2475 ambulemus,
2041 2414 2188 2475 Non
2214 2412 2584 2489 efficiamur
2608 2415 2835 2474 inanis

584 2522 850 2599 ylorz‘ae
895 2522 1139 2598 cupidi,
1189 2524 1469 2582 invicem
1504 2527 1974 2600 provocanteS,
2023 2524 2303 2582 invicem
2350 2521 2722 2582 invidentes
2774 2522 2841 2580 et

518 2651 571 2689 20
589 2624 853 2706 reliqua.
934 2621 1124 2706 Quod
1157 2625 1211 2688 si
1241 2624 1591 2689 absurdum
1638 2628 1757 2706 est,
1806 2630 1872 2690 et
1921 2624 2213 2689 omnibus
2262 2645 2342 2687 ex
2387 2641 2594 2705 aequo
2642 2623 2838 2705 impe—

589 2737 732 2796 rata
778 2738 960 2814 sunt,
1020 2737 1256 2815 restat,
1313 2737 1387 2796 ut
1433 2732 1600 2796 sicut
1646 2733 1808 2796 haec
1852 2753 2105 2796 morum
2151 2730 2459 2795 mandata
2501 2730 2599 2794 ita
2645 2730 2840 2794 etiam

586 2837 715 2920 illa,
766 2861 932 2922 quae
978 2838 1058 2903 de
1105 2837 1231 2903 fide
1279 2844 1473 2903 cauta
1519 2844 1691 2920 sunt,
1744 2859 1964 2903 omnes
2008 2839 2154 2920 pari
2183 2837 2378 2902 modo
2422 2836 2838 2920 comprehen-

591 2944 769 3028 dant,
797 2946 937 3031 (14)
971 2951 1037 3009 et
1070 2946 1235 3010 sicut
1264 2946 1501 3009 nemini
1529 2945 1686 3010 licet
1716 2947 1984 3010 invicem
2015 2965 2369 3028 provocare
2402 2950 2516 3008 aut
2553 2944 2839 3008 invidere

588 3053 876 3134 invicem,
923 3053 1017 3117 ita
1062 3052 1297 3116 nemini
1339 3052 1535 3116 liceat
1563 3059 1824 3135 praeter
1869 3052 1955 3134 id,
2006 3052 2180 3135 quod
2211 3051 2482 3117 ecclesia
2516 3050 2837 3115 catholica

518 3183 572 3223 25
590 3181 1053 3243 usquequaque
1100 3159 1512 3241 evangelizat,
1561 3160 1877 3242 accipere.

773 3267 913 3331 Aut
942 3267 1210 3333 forsitan
1252 3275 1408 3332 tunc
1449 3267 1812 3348 iubebatur,
1863 3267 1917 3331 si
1955 3267 2097 3350 quis
2144 3265 2611 3344 adnuntiasset,
2659 3284 2839 3346 prae-

589 3381 886 3457 terquam
920 3375 1094 3457 quod
1125 3375 1578 3439 adnuntiatum
1600 3374 1834 3456 fuerat,
1870 3373 2285 3453 anathemari,
2321 3392 2493 3436 nunc
2524 3392 2676 3435 vero
2710 3372 2839 3435 iam

589 3503 720 3547 non
764 3481 1068 3546 iubetur?
1130 3482 1309 3564 Ergo
1343 3488 1409 3547 et
1453 3481 1633 3564 illud,
1683 3481 1861 3565 quod
1904 3482 2059 3545 item
2104 3480 2194 3544 ibi
2224 3479 2347 3545 ait:
2398 3483 2545 3544 dieo
2578 3489 2798 3543 autem
2815 3504 2838 3543 .-

593 3596 840 3672 spz‘rz‘cu
871 3593 1226 3671 ambulate,
1259 3599 1329 3654 et
1371 3593 1779 3655 desiderium
1813 3595 2041 3654 carnis
2083 3608 2216 3652 non
2256 3590 2645 3670 perficietis,
2677 3590 2831 3648 tunc

520 3720 574 3759 30
591 3701 847 3761 tantum
905 3695 1276 3779 iubebatur,
1341 3696 1536 3762 modo
1603 3717 1754 3761 vero
1821 3696 1948 3759 iam
2017 3715 2151 3759 non
2217 3693 2495 3757 iubetur.
2591 3688 2837 3775 Quodsi

773 3949 808 4000 8
845 3946 969 4002 Gal.
1010 3947 1059 4014 1,
1096 3947 1147 3998 9.
1384 3946 1457 4012 13,
1492 3944 1560 4000 cf.
1599 3943 1732 3999 Joh.
1773 3944 1857 4010 10,
1899 3943 2068 4011 lsqq.
2313 3943 2377 3994 17
2417 3937 2540 3993 Gal.
2579 3937 2630 4003 5,
2668 3937 2738 3989 25
2760 3954 2838 4005 sq.

595 4038 665 4090 28
704 4035 825 4090 Gal.
865 4036 915 4105 5,
957 4037 1040 4090 16.
