3092 4717
610 444 701 506 44
1416 441 1685 498 xxvm
1722 441 2047 514 (39)-(40).

609 603 711 668 vel
753 601 1105 669 haereseon
1151 601 1581 685 profanitates
1627 603 1801 669 nullo
1849 603 2042 669 modo
2089 625 2213 670 1108
2263 610 2529 688 oportet
2575 605 2700 671 nisi
2750 612 2867 671 aut

610 710 769 792 sola,
834 711 889 774 si
950 731 1114 794 opus
1173 716 1293 793 est,
1350 711 1812 793 scripturarum
1858 711 2249 776 auctoritate
2297 713 2696 795 convincere,
2746 718 2864 780 aut

611 823 789 882 certe
845 817 973 883 iam
1020 817 1377 901 antiquitus
1433 817 1896 882 universalibus
1945 818 2354 883 sacerdotum
2401 820 2867 885 catholicorum

612 924 899 990 conciliis
933 925 1261 990 convictas
1295 924 1760 1007 damnatasque
1806 925 2032 992 vitare.
2109 925 2347 1008 Itaque
2396 947 2543 991 cum
2588 927 2870 1008 primum

563 1055 591 1096 5
610 1032 764 1096 mali
796 1033 1106 1115 cuiusque
1140 1032 1380 1097 erroris
1410 1032 1687 1114 putredo
1722 1052 2058 1115 erumpere
2090 1035 2398 1116 coeperit,
2434 1040 2499 1098 et
2532 1033 2617 1098 ad
2648 1033 2869 1099 defen-

611 1141 859 1204 sionem
891 1139 989 1203 sui
1022 1139 1338 1222 quaedam
1370 1159 1593 1203 sacrae
1625 1137 1822 1221 Legis
1854 1138 2049 1204 verba
2080 1139 2281 1204 furari
2313 1162 2518 1224 eaque
2551 1141 2868 1207 fallaciter

611 1252 677 1312 et
722 1245 1170 1311 fraudulenter
1215 1267 1561 1328 exponere,
1610 1246 1828 1311 statim
1872 1247 2363 1329 interpretando
2398 1249 2633 1313 canoni
2665 1250 2866 1315 maio-

608 1376 754 1418 rum
784 1354 1145 1418 sententiae
1179 1352 1670 1436 congregandae
1703 1360 1873 1436 sunt,
1919 1354 2149 1437 quibus
2179 1354 2359 1435 illud,
2411 1356 2866 1439 quodcumque

612 1466 914 1543 exsurget
945 1461 1254 1525 novitium
1284 1461 1567 1543 ideoque
1598 1459 1959 1543 profanum,
2010 1467 2077 1525 et
2123 1461 2368 1544 absque
2416 1462 2548 1527 ulla
2594 1463 2866 1546 ambage

539 1595 591 1635 ιο
609 1568 927 1651 prodatur
987 1572 1052 1634 et
1115 1568 1250 1633 sine
1310 1568 1441 1633 ulla
1494 1567 1959 1632 retractatione
2008 1567 2368 1634 damnetur.
2467 1567 2597 1634 Sed
2645 1591 2868 1635 eorum

613 1675 952 1739 dumtaxat
997 1681 1260 1757 patrum
1321 1674 1679 1740 sententiae
1728 1673 2157 1738 conferendae
2206 1681 2376 1757 sunt,
2443 1675 2574 1758 qui,
2622 1677 2689 1740 in
2736 1676 2865 1742 fide

611 1787 677 1846 et
706 1782 1157 1845 communione
1201 1782 1522 1846 catholica
1554 1787 1774 1846 sancte
1813 1781 2139 1863 sapienter
2171 1786 2548 1846 constanter
2581 1782 2867 1849 viventes

612 1888 920 1953 docentes
982 1893 1048 1952 et
1102 1894 1578 1971 permanenteS,
1626 1890 1727 1953 vel
1779 1889 1946 1954 mori
1998 1889 2065 1953 in
2121 1886 2378 1954 Christo
2427 1889 2705 1956 fideliter
2765 1891 2867 1956 vel

613 1995 820 2061 occidi
866 2017 989 2077 pro
1039 1992 1298 2060 Christo
1355 1995 1629 2061 feliciter
1686 2004 2075 2062 meruerunt.
2170 1996 2419 2082 Quibus
2476 2004 2696 2063 tamen
2742 1999 2866 2064 hac

541 2129 592 2170 15
612 2103 756 2196 lege
812 2103 1206 2168 credendum
1245 2109 1367 2186 est,
1414 2109 1509 2185 ut,
1560 2104 1871 2187 quidquid
1902 2106 2003 2170 vel
2043 2127 2264 2170 omnes
2312 2105 2412 2169 vel
2457 2105 2673 2187 plures
2731 2127 2861 2171 uno

613 2210 968 2293 eodemque
1038 2232 1228 2276 sensu
1285 2209 1624 2275 manifeste
1685 2210 2058 2293 frequenter
2115 2217 2622 2293 perseveranter,
2693 2210 2863 2274 velut

614 2318 895 2400 quodam
943 2317 1388 2381 consentiente
1437 2316 1558 2381 sibi
1604 2318 2063 2398 magistrorum
2125 2317 2430 2398 001101110,
2486 2317 2861 2398 accipiendo

611 2424 894 2489 tenendo
980 2423 1298 2487 tradendo
1388 2421 1817 2501 firmaverint,
1895 2423 1964 2487 id
2037 2444 2160 2505 pro
2237 2422 2602 2488 indubitato
2681 2429 2863 2489 certo

610 2537 884 2613 ratoque
952 2529 1301 2594 habeatur:
1366 2529 1678 2612 quidquid
1745 2551 1931 2612 vero,
1997 2530 2285 2613 quamvis
2329 2529 2437 2594 ille
2484 2536 2749 2595 sanctus
2797 2537 2864 2595 et

541 2660 594 2700 2ο
614 2639 862 2719 doctus,
933 2634 1220 2720 quamvis
1287 2636 1628 2719 episcopus
1647 2685 1664 2719 ,
1732 2637 2019 2720 quamvis
2080 2636 2412 2702 confessor
2474 2642 2539 2701 et
2596 2643 2861 2722 martyr,

611 2750 873 2828 praeter
931 2764 1151 2810 omnes
1205 2749 1318 2809 aut
1374 2743 1572 2808 etiam
1630 2749 1861 2808 contra
1919 2765 2139 2810 omnes
2198 2745 2505 2826 senserit,
2572 2744 2642 2808 id
2696 2744 2867 2809 inter

610 2852 908 2935 proprias
941 2858 1007 2916 et
1039 2852 1328 2916 occultas
1361 2857 1427 2915 et
1457 2851 1746 2933 privatas
1796 2851 2246 2934 opiniunculas
2302 2873 2343 2915 a
2391 2851 2747 2916 communis
2802 2857 2867 2915 et

610 2958 906 3041 publicae
924 2964 1096 3041 <ac>
1126 2957 1439 3041 generalis
1472 2958 1827 3022 sententiae
1853 2959 2245 3024 auctoritate
2271 2964 2589 3023 secretum
2615 2959 2719 3040 sit,
2747 2979 2867 3023 nec

615 3086 758 3129 cum
783 3086 1031 3130 summo
1066 3070 1371 3130 aeternae
1405 3065 1630 3129 salutis
1661 3066 1971 3148 pericu10,
2004 3067 2186 3131 iuxta
2231 3066 2616 3148 sacrilegam
2646 3066 2867 3131 haere-

540 3192 594 3232 25
611 3173 887 3237 ticorum
911 3179 978 3238 et
992 3174 1552 3239 schismaticorum
1566 3172 2116 3252 consuetudinem,
2144 3171 2521 3236 universalis
2538 3170 2863 3253 dogmatis

614 3281 882 3363 antiqua
938 3283 1209 3347 veritate
1268 3282 1527 3347 dimissa
1583 3281 1770 3345 unius
1833 3279 2110 3344 hominis
2170 3279 2506 3343 novitium·
2546 3285 2868 3343 sectemur

614 3409 922 3452 errorem.

791 3496 931 3579 (40)
979 3492 1275 3578 Quorum
1320 3495 1662 3562 beatorum
1699 3501 1963 3578 patrum
2008 3497 2303 3558 sanctum
2349 3492 2865 3575 catholicumque

613 3623 993 3667 consensum
1042 3624 1125 3667 ne
1174 3604 1313 3686 quis
1360 3603 1480 3669 sibi
1517 3610 1761 3668 temere
1815 3599 2355 3667 contemnendum
2400 3598 2568 3664 forte
2600 3600 2864 3665 arbitre-

544 3734 597 3774 30
613 3715 741 3791 tur,
790 3710 882 3773 ait
926 3710 994 3774 in
1040 3710 1248 3792 prima
1294 3710 1379 3774 ad
1411 3708 1784 3776 Corinthios
1830 3707 2197 3791 apostolus:
2248 3717 2316 3772 ec
2360 3710 2680 3788 quosdam
2727 3714 2865 3788 qui-

613 3820 761 3882 dem
796 3824 1038 3900 posuit
1079 3820 1246 3882 deus
1292 3824 1363 3881 in
1395 3822 1701 3899 eeclesia,
1735 3823 2032 3900 primum
2064 3819 2430 3897 apostolae,
2470 3852 2551 3861 —
2591 3835 2863 3896 quorum

612 3922 749 4006 ipse
796 3944 961 3986 unus
1008 3929 1152 3988 erat
1196 3961 1284 3971 —
1327 3928 1617 3990 secundo
1652 3926 2046 4007 prophetae,
2083 3960 2167 3969 -—
2201 3921 2459 4005 qualem
2488 3921 2555 3984 in
2586 3919 2865 3986 Actibus

793 4051 863 4102 30
892 4051 939 4102 1.
967 4048 1092 4103 eor.
1122 4051 1207 4116 12,
1233 4050 1321 4103 28.
1540 4050 1610 4102 32
1635 4046 1766 4104 Aet.
1795 4050 1878 4115 11,
1906 4050 1991 4101 27.
2030 4048 2127 4115 283
2165 4048 2366 4114 21,10.
2408 4047 2492 4102 11.
