<?xml version="1.0" encoding="UTF-8"?>
<!DOCTYPE html PUBLIC "-//W3C//DTD XHTML 1.0 Transitional//EN"
    "http://www.w3.org/TR/xhtml1/DTD/xhtml1-transitional.dtd">
<html xmlns="http://www.w3.org/1999/xhtml" xml:lang="en" lang="en">
 <head>
  <title>
</title>
<meta http-equiv="Content-Type" content="text/html;charset=utf-8" />
  <meta name='ocr-system' content='tesseract 3.04.00' />
  <meta name='ocr-capabilities' content='ocr_page ocr_carea ocr_par ocr_line ocrx_word'/>
</head>
<body>
  <div class='ocr_page' id='page_1' title='image "./vincenzvonlerin01jlgoog_0021.png"; bbox 0 0 3092 4717; ppageno 0'>
   <div class='ocr_carea' id='block_1_1' title="bbox 1272 478 2571 550">
    <p class='ocr_par' dir='ltr' id='par_1_1' title="bbox 1272 478 2571 550">
     <span class='ocr_line' id='line_1_1' title="bbox 1272 478 2571 550; baseline 0.002 -18"><span class='ocrx_word' id='word_1_1' title='bbox 1272 478 1337 533; x_wconf 89' lang='lat'>11</span> <span class='ocrx_word' id='word_1_2' title='bbox 1373 478 1628 550; x_wconf 85' lang='lat'>(1)--(3).</span> <span class='ocrx_word' id='word_1_3' title='bbox 2530 484 2571 544; x_wconf 83' lang='lat'><strong>3</strong></span> 
     </span>
    </p>
   </div>
   <div class='ocr_carea' id='block_1_2' title="bbox 320 638 2725 4126">
    <p class='ocr_par' dir='ltr' id='par_1_2' title="bbox 321 638 2572 1026">
     <span class='ocr_line' id='line_1_2' title="bbox 322 638 2571 726; baseline 0 -23"><span class='ocrx_word' id='word_1_4' title='bbox 322 661 654 726; x_wconf 89' lang='lat' dir='ltr'>queosque</span> <span class='ocrx_word' id='word_1_5' title='bbox 701 640 904 704; x_wconf 89' lang='lat' dir='ltr'>vitare</span> <span class='ocrx_word' id='word_1_6' title='bbox 952 643 1017 702; x_wconf 92' lang='lat' dir='ltr'>et</span> <span class='ocrx_word' id='word_1_7' title='bbox 1061 638 1129 703; x_wconf 89' lang='lat' dir='ltr'>in</span> <span class='ocrx_word' id='word_1_8' title='bbox 1174 638 1301 704; x_wconf 91' lang='lat' dir='ltr'>fide</span> <span class='ocrx_word' id='word_1_9' title='bbox 1348 661 1506 704; x_wconf 87' lang='lat' dir='ltr'>sana</span> <span class='ocrx_word' id='word_1_10' title='bbox 1552 661 1746 704; x_wconf 89' lang='lat' dir='ltr'>sanus</span> <span class='ocrx_word' id='word_1_11' title='bbox 1794 645 1990 722; x_wconf 91' lang='lat' dir='ltr'>atque</span> <span class='ocrx_word' id='word_1_12' title='bbox 2035 641 2290 723; x_wconf 80' lang='lat' dir='ltr'>integer</span> <span class='ocrx_word' id='word_1_13' title='bbox 2324 661 2571 723; x_wconf 89' lang='lat' dir='ltr'>perma-</span> 
     </span>
     <span class='ocr_line' id='line_1_3' title="bbox 321 745 2571 829; baseline 0 -17"><span class='ocrx_word' id='word_1_14' title='bbox 321 769 506 829; x_wconf 91' lang='lat' dir='ltr'>nere,</span> <span class='ocrx_word' id='word_1_15' title='bbox 571 746 811 829; x_wconf 86' lang='lat' dir='ltr'>duplici</span> <span class='ocrx_word' id='word_1_16' title='bbox 868 745 1063 811; x_wconf 92' lang='lat' dir='ltr'>modo</span> <span class='ocrx_word' id='word_1_17' title='bbox 1124 746 1374 811; x_wconf 90' lang='lat' dir='ltr'>munire</span> <span class='ocrx_word' id='word_1_18' title='bbox 1434 745 1629 812; x_wconf 90' lang='lat' dir='ltr'>fidem</span> <span class='ocrx_word' id='word_1_19' title='bbox 1681 768 1863 811; x_wconf 89' lang='lat' dir='ltr'>suam</span> <span class='ocrx_word' id='word_1_20' title='bbox 1920 745 2179 811; x_wconf 90' lang='lat' dir='ltr'>domino</span> <span class='ocrx_word' id='word_1_21' title='bbox 2226 746 2571 812; x_wconf 84' lang='lat' dir='ltr'>adiuvante</span> 
     </span>
     <span class='ocr_line' id='line_1_4' title="bbox 323 852 2572 936; baseline 0 -19"><span class='ocrx_word' id='word_1_22' title='bbox 323 854 611 935; x_wconf 80' lang='lat' dir='ltr'>deberet,</span> <span class='ocrx_word' id='word_1_23' title='bbox 646 854 919 936; x_wconf 90' lang='lat' dir='ltr'>primum</span> <span class='ocrx_word' id='word_1_24' title='bbox 950 853 1192 918; x_wconf 91' lang='lat' dir='ltr'>scilicet</span> <span class='ocrx_word' id='word_1_25' title='bbox 1226 853 1474 917; x_wconf 87' lang='lat' dir='ltr'>divinae</span> <span class='ocrx_word' id='word_1_26' title='bbox 1498 852 1693 935; x_wconf 85' lang='lat' dir='ltr'>Legis</span> <span class='ocrx_word' id='word_1_27' title='bbox 1726 854 2138 936; x_wconf 90' lang='lat' dir='ltr'>auctoritate,</span> <span class='ocrx_word' id='word_1_28' title='bbox 2172 860 2310 918; x_wconf 90' lang='lat' dir='ltr'>tum</span> <span class='ocrx_word' id='word_1_29' title='bbox 2344 853 2572 919; x_wconf 89' lang='lat' dir='ltr'>deinde</span> 
     </span>
     <span class='ocr_line' id='line_1_5' title="bbox 323 960 1454 1026; baseline -0.001 0"><span class='ocrx_word' id='word_1_30' title='bbox 323 961 638 1026; x_wconf 90' lang='lat' dir='ltr'>ecclesiae</span> <span class='ocrx_word' id='word_1_31' title='bbox 685 960 1038 1026; x_wconf 91' lang='lat' dir='ltr'>catholicae</span> <span class='ocrx_word' id='word_1_32' title='bbox 1084 960 1454 1026; x_wconf 78' lang='lat' dir='ltr'>traditione.</span> 
     </span>
    </p>

    <p class='ocr_par' dir='ltr' id='par_1_3' title="bbox 320 1067 2648 2648">
     <span class='ocr_line' id='line_1_6' title="bbox 503 1067 2618 1152; baseline 0.001 -21"><span class='ocrx_word' id='word_1_33' title='bbox 503 1069 596 1152; x_wconf 79' lang='lat'>(2)</span> <span class='ocrx_word' id='word_1_34' title='bbox 620 1067 750 1131; x_wconf 88' lang='lat' dir='ltr'>Hic</span> <span class='ocrx_word' id='word_1_35' title='bbox 779 1067 1052 1132; x_wconf 82' lang='lat' dir='ltr'>forsitan</span> <span class='ocrx_word' id='word_1_36' title='bbox 1084 1068 1372 1151; x_wconf 89' lang='lat' dir='ltr'>requirat</span> <span class='ocrx_word' id='word_1_37' title='bbox 1402 1068 1666 1150; x_wconf 90' lang='lat' dir='ltr'>aliquis:</span> <span class='ocrx_word' id='word_1_38' title='bbox 1703 1067 1867 1133; x_wconf 83' lang='lat' dir='ltr'>Cum</span> <span class='ocrx_word' id='word_1_39' title='bbox 1901 1068 1984 1132; x_wconf 93' lang='lat' dir='ltr'>sit</span> <span class='ocrx_word' id='word_1_40' title='bbox 2015 1067 2341 1151; x_wconf 88' lang='lat' dir='ltr'>perfectus</span> <span class='ocrx_word' id='word_1_41' title='bbox 2376 1069 2571 1152; x_wconf 88' lang='lat' dir='ltr'>scrip·</span> <span class='ocrx_word' id='word_1_42' title='bbox 2590 1094 2618 1133; x_wconf 86' lang='lat'>5</span> 
     </span>
     <span class='ocr_line' id='line_1_7' title="bbox 325 1167 2570 1259; baseline 0 -19"><span class='ocrx_word' id='word_1_43' title='bbox 325 1182 616 1241; x_wconf 88' lang='lat' dir='ltr'>turarum</span> <span class='ocrx_word' id='word_1_44' title='bbox 677 1195 888 1241; x_wconf 88' lang='lat' dir='ltr'>canon</span> <span class='ocrx_word' id='word_1_45' title='bbox 949 1176 1198 1259; x_wconf 83' lang='lat' dir='ltr'>sibique</span> <span class='ocrx_word' id='word_1_46' title='bbox 1257 1176 1342 1240; x_wconf 92' lang='lat' dir='ltr'>ad</span> <span class='ocrx_word' id='word_1_47' title='bbox 1402 1176 1616 1240; x_wconf 90' lang='lat' dir='ltr'>omnia</span> <span class='ocrx_word' id='word_1_48' title='bbox 1672 1176 1828 1241; x_wconf 87' lang='lat' dir='ltr'>satis</span> <span class='ocrx_word' id='word_1_49' title='bbox 1889 1167 2211 1259; x_wconf 83' lang='lat' dir='ltr'>superque</span> <span class='ocrx_word' id='word_1_50' title='bbox 2274 1175 2570 1258; x_wconf 86' lang='lat' dir='ltr'>sufficiat,</span> 
     </span>
     <span class='ocr_line' id='line_1_8' title="bbox 324 1282 2576 1366; baseline 0 -19"><span class='ocrx_word' id='word_1_51' title='bbox 324 1283 479 1365; x_wconf 90' lang='lat' dir='ltr'>quid</span> <span class='ocrx_word' id='word_1_52' title='bbox 539 1303 701 1366; x_wconf 88' lang='lat' dir='ltr'>opus</span> <span class='ocrx_word' id='word_1_53' title='bbox 759 1288 887 1363; x_wconf 88' lang='lat' dir='ltr'>est,</span> <span class='ocrx_word' id='word_1_54' title='bbox 955 1288 1028 1346; x_wconf 88' lang='lat' dir='ltr'>ut</span> <span class='ocrx_word' id='word_1_55' title='bbox 1093 1283 1151 1347; x_wconf 88' lang='lat' dir='ltr'>ei</span> <span class='ocrx_word' id='word_1_56' title='bbox 1216 1282 1688 1347; x_wconf 87' lang='lat' dir='ltr'>ecclesiasticae</span> <span class='ocrx_word' id='word_1_57' title='bbox 1747 1282 2208 1365; x_wconf 83' lang='lat' dir='ltr'>intelligentiae</span> <span class='ocrx_word' id='word_1_58' title='bbox 2268 1283 2576 1366; x_wconf 85' lang='lat' dir='ltr'>iungatur</span> 
     </span>
     <span class='ocr_line' id='line_1_9' title="bbox 322 1387 2576 1474; baseline 0 -20"><span class='ocrx_word' id='word_1_59' title='bbox 322 1390 734 1454; x_wconf 76' lang='lat' dir='ltr'>auctoritas?</span> <span class='ocrx_word' id='word_1_60' title='bbox 813 1387 984 1472; x_wconf 80' lang='lat' dir='ltr'>Quia</span> <span class='ocrx_word' id='word_1_61' title='bbox 1029 1389 1325 1455; x_wconf 86' lang='lat' dir='ltr'>videlicet</span> <span class='ocrx_word' id='word_1_62' title='bbox 1390 1390 1779 1472; x_wconf 86' lang='lat' dir='ltr'>scripturam</span> <span class='ocrx_word' id='word_1_63' title='bbox 1826 1411 2075 1454; x_wconf 87' lang='lat' dir='ltr'>sacram</span> <span class='ocrx_word' id='word_1_64' title='bbox 2119 1412 2240 1473; x_wconf 93' lang='lat' dir='ltr'>pro</span> <span class='ocrx_word' id='word_1_65' title='bbox 2288 1391 2429 1474; x_wconf 85' lang='lat' dir='ltr'>ipsa</span> <span class='ocrx_word' id='word_1_66' title='bbox 2475 1390 2576 1454; x_wconf 88' lang='lat' dir='ltr'>sui</span> 
     </span>
     <span class='ocr_line' id='line_1_10' title="bbox 321 1496 2574 1580; baseline -0 -18"><span class='ocrx_word' id='word_1_67' title='bbox 321 1496 664 1562; x_wconf 80' lang='lat' dir='ltr'>altitudine</span> <span class='ocrx_word' id='word_1_68' title='bbox 712 1519 842 1562; x_wconf 93' lang='lat' dir='ltr'>non</span> <span class='ocrx_word' id='word_1_69' title='bbox 888 1519 1017 1561; x_wconf 91' lang='lat' dir='ltr'>uno</span> <span class='ocrx_word' id='word_1_70' title='bbox 1067 1496 1420 1580; x_wconf 89' lang='lat' dir='ltr'>eodemque</span> <span class='ocrx_word' id='word_1_71' title='bbox 1468 1519 1662 1561; x_wconf 89' lang='grc'><strong>000011</strong></span> <span class='ocrx_word' id='word_1_72' title='bbox 1708 1498 1986 1562; x_wconf 85' lang='lat' dir='ltr'>universi</span> <span class='ocrx_word' id='word_1_73' title='bbox 2041 1498 2397 1580; x_wconf 89' lang='lat' dir='ltr'>accipiunt,</span> <span class='ocrx_word' id='word_1_74' title='bbox 2460 1498 2574 1562; x_wconf 91' lang='lat' dir='ltr'>sed</span> 
     </span>
     <span class='ocr_line' id='line_1_11' title="bbox 322 1604 2648 1689; baseline 0.001 -20"><span class='ocrx_word' id='word_1_75' title='bbox 322 1604 610 1669; x_wconf 89' lang='lat' dir='ltr'>eiusdem</span> <span class='ocrx_word' id='word_1_76' title='bbox 657 1604 913 1688; x_wconf 89' lang='lat' dir='ltr'>eloquia</span> <span class='ocrx_word' id='word_1_77' title='bbox 959 1605 1147 1669; x_wconf 90' lang='lat' dir='ltr'>aliter</span> <span class='ocrx_word' id='word_1_78' title='bbox 1192 1611 1388 1687; x_wconf 87' lang='lat' dir='ltr'>atque</span> <span class='ocrx_word' id='word_1_79' title='bbox 1443 1605 1633 1671; x_wconf 89' lang='lat' dir='ltr'>aliter</span> <span class='ocrx_word' id='word_1_80' title='bbox 1689 1606 1851 1670; x_wconf 89' lang='lat' dir='ltr'>alius</span> <span class='ocrx_word' id='word_1_81' title='bbox 1911 1612 2109 1689; x_wconf 90' lang='lat' dir='ltr'>atque</span> <span class='ocrx_word' id='word_1_82' title='bbox 2162 1606 2323 1670; x_wconf 92' lang='lat' dir='ltr'>alius</span> <span class='ocrx_word' id='word_1_83' title='bbox 2378 1606 2574 1672; x_wconf 90' lang='lat' dir='ltr'>inter·</span> <span class='ocrx_word' id='word_1_84' title='bbox 2595 1632 2648 1671; x_wconf 86' lang='lat'>10</span> 
     </span>
     <span class='ocr_line' id='line_1_12' title="bbox 321 1711 2573 1794; baseline 0.001 -19"><span class='ocrx_word' id='word_1_85' title='bbox 321 1716 635 1793; x_wconf 87' lang='lat' dir='ltr'>pretatur,</span> <span class='ocrx_word' id='word_1_86' title='bbox 684 1717 759 1775; x_wconf 92' lang='lat' dir='ltr'>ut</span> <span class='ocrx_word' id='word_1_87' title='bbox 804 1732 1029 1794; x_wconf 90' lang='lat' dir='ltr'>paene,</span> <span class='ocrx_word' id='word_1_88' title='bbox 1081 1717 1241 1794; x_wconf 91' lang='lat' dir='ltr'>quot</span> <span class='ocrx_word' id='word_1_89' title='bbox 1286 1711 1577 1777; x_wconf 87' lang='lat' dir='ltr'>homines</span> <span class='ocrx_word' id='word_1_90' title='bbox 1625 1718 1796 1794; x_wconf 88' lang='lat' dir='ltr'>sunt,</span> <span class='ocrx_word' id='word_1_91' title='bbox 1846 1717 1948 1777; x_wconf 91' lang='lat' dir='ltr'>tot</span> <span class='ocrx_word' id='word_1_92' title='bbox 1994 1713 2169 1777; x_wconf 87' lang='lat' dir='ltr'>illinc</span> <span class='ocrx_word' id='word_1_93' title='bbox 2217 1713 2573 1779; x_wconf 86' lang='lat' dir='ltr'>sententiae</span> 
     </span>
     <span class='ocr_line' id='line_1_13' title="bbox 322 1818 2576 1901; baseline 0.001 -19"><span class='ocrx_word' id='word_1_94' title='bbox 322 1818 459 1882; x_wconf 86' lang='lat' dir='ltr'>erui</span> <span class='ocrx_word' id='word_1_95' title='bbox 489 1839 684 1901; x_wconf 91' lang='lat' dir='ltr'>posse</span> <span class='ocrx_word' id='word_1_96' title='bbox 716 1818 1074 1882; x_wconf 88' lang='lat' dir='ltr'>videantur.</span> <span class='ocrx_word' id='word_1_97' title='bbox 1153 1818 1371 1883; x_wconf 89' lang='lat' dir='ltr'>Aliter</span> <span class='ocrx_word' id='word_1_98' title='bbox 1401 1840 1678 1901; x_wconf 90' lang='lat' dir='ltr'>namque</span> <span class='ocrx_word' id='word_1_99' title='bbox 1708 1819 1883 1884; x_wconf 93' lang='lat' dir='ltr'>illam</span> <span class='ocrx_word' id='word_1_100' title='bbox 1914 1818 1983 1884; x_wconf 88' lang='lat' dir='ltr'>N</span> <span class='ocrx_word' id='word_1_101' title='bbox 1987 1821 2339 1901; x_wconf 86' lang='lat' dir='ltr'>ovatianus,</span> <span class='ocrx_word' id='word_1_102' title='bbox 2391 1819 2576 1885; x_wconf 89' lang='lat' dir='ltr'>aliter</span> 
     </span>
     <span class='ocr_line' id='line_1_14' title="bbox 324 1923 2571 2010; baseline 0.001 -21"><span class='ocrx_word' id='word_1_103' title='bbox 324 1923 667 2006; x_wconf 86' lang='lat' dir='ltr'>Sabellius,</span> <span class='ocrx_word' id='word_1_104' title='bbox 726 1925 912 1988; x_wconf 85' lang='lat' dir='ltr'>aliter</span> <span class='ocrx_word' id='word_1_105' title='bbox 957 1924 1263 1989; x_wconf 92' lang='lat' dir='ltr'>Donatus</span> <span class='ocrx_word' id='word_1_106' title='bbox 1312 1925 1595 2008; x_wconf 86' lang='lat' dir='ltr'>exponit,</span> <span class='ocrx_word' id='word_1_107' title='bbox 1654 1926 1842 1990; x_wconf 88' lang='lat' dir='ltr'>aliter</span> <span class='ocrx_word' id='word_1_108' title='bbox 1887 1926 2143 2007; x_wconf 92' lang='lat' dir='ltr'>Arrius,</span> <span class='ocrx_word' id='word_1_109' title='bbox 2191 1927 2571 2010; x_wconf 85' lang='lat' dir='ltr'>Eunomius,</span> 
     </span>
     <span class='ocr_line' id='line_1_15' title="bbox 323 2029 2576 2115; baseline 0.002 -22"><span class='ocrx_word' id='word_1_110' title='bbox 323 2029 774 2111; x_wconf 91' lang='lat' dir='ltr'>Macedonius,</span> <span class='ocrx_word' id='word_1_111' title='bbox 821 2031 1008 2094; x_wconf 88' lang='lat' dir='ltr'>aliter</span> <span class='ocrx_word' id='word_1_112' title='bbox 1037 2030 1374 2113; x_wconf 84' lang='lat' dir='ltr'>Photinus,</span> <span class='ocrx_word' id='word_1_113' title='bbox 1405 2032 1827 2115; x_wconf 78' lang='lat' dir='ltr'>ApollinariS,</span> <span class='ocrx_word' id='word_1_114' title='bbox 1875 2033 2335 2115; x_wconf 78' lang='lat' dir='ltr'>PriscillianuS,</span> <span class='ocrx_word' id='word_1_115' title='bbox 2386 2033 2576 2098; x_wconf 91' lang='lat' dir='ltr'>aliter</span> 
     </span>
     <span class='ocr_line' id='line_1_16' title="bbox 326 2136 2648 2222; baseline 0.001 -21"><span class='ocrx_word' id='word_1_116' title='bbox 326 2137 380 2201; x_wconf 85' lang='lat' dir='ltr'>J</span> <span class='ocrx_word' id='word_1_117' title='bbox 384 2138 735 2219; x_wconf 86' lang='lat' dir='ltr'>ovinianus,</span> <span class='ocrx_word' id='word_1_118' title='bbox 785 2136 1102 2219; x_wconf 78' lang='lat' dir='ltr'>PelagiuS,</span> <span class='ocrx_word' id='word_1_119' title='bbox 1152 2136 1529 2221; x_wconf 80' lang='lat' dir='ltr'>CaelestiuS‚</span> <span class='ocrx_word' id='word_1_120' title='bbox 1582 2139 1770 2204; x_wconf 90' lang='lat' dir='ltr'>aliter</span> <span class='ocrx_word' id='word_1_121' title='bbox 1815 2147 2150 2222; x_wconf 89' lang='lat' dir='ltr'>postremo</span> <span class='ocrx_word' id='word_1_122' title='bbox 2198 2139 2571 2205; x_wconf 63' lang='lat' dir='ltr'>Nestorius</span> <span class='ocrx_word' id='word_1_123' title='bbox 2596 2165 2648 2204; x_wconf 88' lang='lat'>15</span> 
     </span>
     <span class='ocr_line' id='line_1_17' title="bbox 323 2244 2576 2332; baseline 0.001 -23"><span class='ocrx_word' id='word_1_124' title='bbox 323 2245 553 2327; x_wconf 86' lang='lat' dir='ltr'>Atque</span> <span class='ocrx_word' id='word_1_125' title='bbox 598 2244 842 2310; x_wconf 92' lang='lat' dir='ltr'>idcirco</span> <span class='ocrx_word' id='word_1_126' title='bbox 890 2244 1160 2309; x_wconf 92' lang='lat' dir='ltr'>multum</span> <span class='ocrx_word' id='word_1_127' title='bbox 1209 2266 1471 2311; x_wconf 89' lang='lat' dir='ltr'>necesse</span> <span class='ocrx_word' id='word_1_128' title='bbox 1521 2253 1620 2311; x_wconf 88' lang='lat' dir='ltr'>est</span> <span class='ocrx_word' id='word_1_129' title='bbox 1664 2253 1935 2332; x_wconf 89' lang='lat' dir='ltr'>propter</span> <span class='ocrx_word' id='word_1_130' title='bbox 1979 2253 2202 2312; x_wconf 89' lang='lat' dir='ltr'>tantos</span> <span class='ocrx_word' id='word_1_131' title='bbox 2242 2253 2378 2312; x_wconf 91' lang='lat' dir='ltr'>tam</span> <span class='ocrx_word' id='word_1_132' title='bbox 2418 2248 2576 2312; x_wconf 85' lang='lat' dir='ltr'>varii</span> 
     </span>
     <span class='ocr_line' id='line_1_18' title="bbox 323 2352 2574 2438; baseline 0.001 -21"><span class='ocrx_word' id='word_1_133' title='bbox 323 2353 559 2418; x_wconf 90' lang='lat' dir='ltr'>erroris</span> <span class='ocrx_word' id='word_1_134' title='bbox 607 2352 982 2434; x_wconf 85' lang='lat' dir='ltr'>amfractus,</span> <span class='ocrx_word' id='word_1_135' title='bbox 1046 2359 1121 2416; x_wconf 91' lang='lat' dir='ltr'>ut</span> <span class='ocrx_word' id='word_1_136' title='bbox 1165 2354 1587 2437; x_wconf 89' lang='lat' dir='ltr'>propheticae</span> <span class='ocrx_word' id='word_1_137' title='bbox 1636 2360 1703 2419; x_wconf 92' lang='lat' dir='ltr'>et</span> <span class='ocrx_word' id='word_1_138' title='bbox 1748 2354 2145 2438; x_wconf 88' lang='lat' dir='ltr'>apostolicae</span> <span class='ocrx_word' id='word_1_139' title='bbox 2191 2355 2574 2438; x_wconf 86' lang='lat' dir='ltr'>interpreta-</span> 
     </span>
     <span class='ocr_line' id='line_1_19' title="bbox 320 2459 2577 2527; baseline 0.001 -3"><span class='ocrx_word' id='word_1_140' title='bbox 320 2461 513 2525; x_wconf 89' lang='lat' dir='ltr'>tionis</span> <span class='ocrx_word' id='word_1_141' title='bbox 553 2460 720 2525; x_wconf 88' lang='lat' dir='ltr'>linea</span> <span class='ocrx_word' id='word_1_142' title='bbox 759 2459 1111 2524; x_wconf 90' lang='lat' dir='ltr'>secundum</span> <span class='ocrx_word' id='word_1_143' title='bbox 1145 2460 1564 2526; x_wconf 85' lang='lat' dir='ltr'>ecclesiastici</span> <span class='ocrx_word' id='word_1_144' title='bbox 1596 2469 1661 2526; x_wconf 92' lang='lat' dir='ltr'>et</span> <span class='ocrx_word' id='word_1_145' title='bbox 1694 2462 1996 2527; x_wconf 89' lang='lat' dir='ltr'>catholici</span> <span class='ocrx_word' id='word_1_146' title='bbox 2027 2483 2251 2527; x_wconf 90' lang='lat' dir='ltr'>sensus</span> <span class='ocrx_word' id='word_1_147' title='bbox 2282 2484 2577 2527; x_wconf 90' lang='lat' dir='ltr'>normam</span> 
     </span>
     <span class='ocr_line' id='line_1_20' title="bbox 324 2566 658 2648; baseline 0.003 -19"><span class='ocrx_word' id='word_1_148' title='bbox 324 2566 658 2648; x_wconf 87' lang='lat' dir='ltr'>dirigatur.</span> 
     </span>
    </p>

    <p class='ocr_par' dir='ltr' id='par_1_4' title="bbox 320 2672 2725 4126">
     <span class='ocr_line' id='line_1_21' title="bbox 506 2672 2650 2759; baseline 0.001 -23"><span class='ocrx_word' id='word_1_149' title='bbox 506 2674 598 2757; x_wconf 88' lang='lat'>(3)</span> <span class='ocrx_word' id='word_1_150' title='bbox 647 2672 726 2737; x_wconf 91' lang='lat' dir='ltr'>In</span> <span class='ocrx_word' id='word_1_151' title='bbox 757 2674 901 2755; x_wconf 90' lang='lat' dir='ltr'>ipsa</span> <span class='ocrx_word' id='word_1_152' title='bbox 929 2674 1087 2738; x_wconf 91' lang='lat' dir='ltr'>item</span> <span class='ocrx_word' id='word_1_153' title='bbox 1119 2674 1441 2741; x_wconf 88' lang='lat' dir='ltr'>catholica</span> <span class='ocrx_word' id='word_1_154' title='bbox 1474 2676 1743 2741; x_wconf 90' lang='lat' dir='ltr'>ecclesia</span> <span class='ocrx_word' id='word_1_155' title='bbox 1786 2698 2174 2759; x_wconf 88' lang='lat' dir='ltr'>magnopere</span> <span class='ocrx_word' id='word_1_156' title='bbox 2222 2676 2577 2741; x_wconf 89' lang='lat' dir='ltr'>curandum</span> <span class='ocrx_word' id='word_1_157' title='bbox 2596 2701 2650 2739; x_wconf 85' lang='lat'>20</span> 
     </span>
     <span class='ocr_line' id='line_1_22' title="bbox 326 2766 2725 2866; baseline 0.002 -23"><span class='ocrx_word' id='word_1_158' title='bbox 326 2785 454 2862; x_wconf 90' lang='lat' dir='ltr'>est,</span> <span class='ocrx_word' id='word_1_159' title='bbox 504 2785 578 2843; x_wconf 91' lang='lat' dir='ltr'>ut</span> <span class='ocrx_word' id='word_1_160' title='bbox 622 2780 690 2843; x_wconf 93' lang='lat' dir='ltr'>id</span> <span class='ocrx_word' id='word_1_161' title='bbox 736 2786 1098 2861; x_wconf 87' lang='lat' dir='ltr'>teneamus,</span> <span class='ocrx_word' id='word_1_162' title='bbox 1159 2782 1332 2864; x_wconf 91' lang='lat' dir='ltr'>quod</span> <span class='ocrx_word' id='word_1_163' title='bbox 1377 2782 1644 2865; x_wconf 90' lang='lat' dir='ltr'>ubique,</span> <span class='ocrx_word' id='word_1_164' title='bbox 1704 2784 1880 2866; x_wconf 91' lang='lat' dir='ltr'>quod</span> <span class='ocrx_word' id='word_1_165' title='bbox 1928 2804 2209 2866; x_wconf 88' lang='lat' dir='ltr'>semper,</span> <span class='ocrx_word' id='word_1_166' title='bbox 2267 2783 2444 2866; x_wconf 92' lang='lat' dir='ltr'>quod</span> <span class='ocrx_word' id='word_1_167' title='bbox 2492 2784 2574 2848; x_wconf 92' lang='lat' dir='ltr'>ab</span> <span class='ocrx_word' id='word_1_168' title='bbox 2719 2766 2725 2770; x_wconf 27' lang='lat'>³</span> 
     </span>
     <span class='ocr_line' id='line_1_23' title="bbox 325 2886 2575 2973; baseline 0.001 -21"><span class='ocrx_word' id='word_1_169' title='bbox 325 2886 619 2952; x_wconf 91' lang='lat' dir='ltr'>omnibus</span> <span class='ocrx_word' id='word_1_170' title='bbox 679 2887 991 2951; x_wconf 85' lang='lat' dir='ltr'>creditum</span> <span class='ocrx_word' id='word_1_171' title='bbox 1049 2894 1181 2970; x_wconf 82' lang='lat' dir='ltr'>est3</span> <span class='ocrx_word' id='word_1_172' title='bbox 1244 2889 1369 2953; x_wconf 92' lang='lat' dir='ltr'>hoc</span> <span class='ocrx_word' id='word_1_173' title='bbox 1418 2896 1518 2954; x_wconf 93' lang='lat' dir='ltr'>est</span> <span class='ocrx_word' id='word_1_174' title='bbox 1564 2891 1797 2954; x_wconf 90' lang='lat' dir='ltr'>etenim</span> <span class='ocrx_word' id='word_1_175' title='bbox 1843 2912 1991 2955; x_wconf 86' lang='lat' dir='ltr'>vere</span> <span class='ocrx_word' id='word_1_176' title='bbox 2036 2890 2424 2973; x_wconf 91' lang='lat' dir='ltr'>proprieque</span> <span class='ocrx_word' id='word_1_177' title='bbox 2473 2912 2575 2955; x_wconf 89' lang='lat' dir='ltr'>ca-</span> 
     </span>
     <span class='ocr_line' id='line_1_24' title="bbox 320 2990 2575 3080; baseline 0.002 -23"><span class='ocrx_word' id='word_1_178' title='bbox 320 2994 656 3058; x_wconf 90' lang='lat' dir='ltr'>tholicum.</span> <span class='ocrx_word' id='word_1_179' title='bbox 752 2990 945 3075; x_wconf 78' lang='lat' dir='ltr'>Quod</span> <span class='ocrx_word' id='word_1_180' title='bbox 1005 2995 1149 3078; x_wconf 89' lang='lat' dir='ltr'>ipsa</span> <span class='ocrx_word' id='word_1_181' title='bbox 1209 2995 1301 3059; x_wconf 87' lang='lat' dir='ltr'>vis</span> <span class='ocrx_word' id='word_1_182' title='bbox 1355 2998 1632 3061; x_wconf 90' lang='lat' dir='ltr'>nominis</span> <span class='ocrx_word' id='word_1_183' title='bbox 1686 2998 1980 3080; x_wconf 88' lang='lat' dir='ltr'>ratioque</span> <span class='ocrx_word' id='word_1_184' title='bbox 2038 2998 2350 3079; x_wconf 86' lang='lat' dir='ltr'>declarat,</span> <span class='ocrx_word' id='word_1_185' title='bbox 2413 3018 2575 3079; x_wconf 85' lang='lat' dir='ltr'>quae</span> 
     </span>
     <span class='ocr_line' id='line_1_25' title="bbox 322 3099 2574 3185; baseline 0 -20"><span class='ocrx_word' id='word_1_186' title='bbox 322 3101 538 3165; x_wconf 88' lang='lat' dir='ltr'>omnia</span> <span class='ocrx_word' id='word_1_187' title='bbox 566 3099 700 3164; x_wconf 88' lang='lat' dir='ltr'>fere</span> <span class='ocrx_word' id='word_1_188' title='bbox 731 3100 1180 3166; x_wconf 87' lang='lat' dir='ltr'>universaliter</span> <span class='ocrx_word' id='word_1_189' title='bbox 1220 3103 1728 3185; x_wconf 88' lang='lat' dir='ltr'>comprehendit.</span> <span class='ocrx_word' id='word_1_190' title='bbox 1824 3102 1954 3169; x_wconf 84' lang='lat' dir='ltr'>Sed</span> <span class='ocrx_word' id='word_1_191' title='bbox 2001 3105 2126 3168; x_wconf 90' lang='lat' dir='ltr'>hoc</span> <span class='ocrx_word' id='word_1_192' title='bbox 2172 3105 2268 3168; x_wconf 87' lang='lat' dir='ltr'>ita</span> <span class='ocrx_word' id='word_1_193' title='bbox 2316 3104 2574 3167; x_wconf 92' lang='lat' dir='ltr'>demum</span> 
     </span>
     <span class='ocr_line' id='line_1_26' title="bbox 320 3204 2646 3293; baseline 0 -23"><span class='ocrx_word' id='word_1_194' title='bbox 320 3205 412 3287; x_wconf 91' lang='lat' dir='ltr'>fit,</span> <span class='ocrx_word' id='word_1_195' title='bbox 477 3208 531 3270; x_wconf 88' lang='lat' dir='ltr'>si</span> <span class='ocrx_word' id='word_1_196' title='bbox 596 3204 942 3289; x_wconf 88' lang='lat' dir='ltr'>sequamur</span> <span class='ocrx_word' id='word_1_197' title='bbox 1001 3208 1485 3273; x_wconf 88' lang='lat' dir='ltr'>universitatem</span> <span class='ocrx_word' id='word_1_198' title='bbox 1543 3211 2001 3293; x_wconf 89' lang='lat' dir='ltr'>antiquitatem</span> <span class='ocrx_word' id='word_1_199' title='bbox 2062 3210 2570 3275; x_wconf 87' lang='lat' dir='ltr'>consensionem.</span> <span class='ocrx_word' id='word_1_200' title='bbox 2593 3232 2646 3272; x_wconf 84' lang='lat'>25</span> 
     </span>
     <span class='ocr_line' id='line_1_27' title="bbox 325 3311 2573 3399; baseline 0.001 -23"><span class='ocrx_word' id='word_1_201' title='bbox 325 3311 681 3396; x_wconf 84' lang='lat' dir='ltr'>Sequemur</span> <span class='ocrx_word' id='word_1_202' title='bbox 741 3320 960 3379; x_wconf 88' lang='lat' dir='ltr'>autem</span> <span class='ocrx_word' id='word_1_203' title='bbox 1021 3316 1504 3380; x_wconf 87' lang='lat' dir='ltr'>universitatem</span> <span class='ocrx_word' id='word_1_204' title='bbox 1562 3316 1688 3381; x_wconf 89' lang='lat' dir='ltr'>hoc</span> <span class='ocrx_word' id='word_1_205' title='bbox 1742 3316 1968 3399; x_wconf 91' lang='lat' dir='ltr'>modo,</span> <span class='ocrx_word' id='word_1_206' title='bbox 2036 3317 2089 3381; x_wconf 90' lang='lat' dir='ltr'>si</span> <span class='ocrx_word' id='word_1_207' title='bbox 2151 3316 2318 3382; x_wconf 90' lang='lat' dir='ltr'>hanc</span> <span class='ocrx_word' id='word_1_208' title='bbox 2377 3338 2573 3381; x_wconf 91' lang='lat' dir='ltr'>unam</span> 
     </span>
     <span class='ocr_line' id='line_1_28' title="bbox 324 3417 2573 3506; baseline 0.003 -25"><span class='ocrx_word' id='word_1_209' title='bbox 324 3417 516 3483; x_wconf 91' lang='lat' dir='ltr'>fidem</span> <span class='ocrx_word' id='word_1_210' title='bbox 559 3441 776 3484; x_wconf 87' lang='lat' dir='ltr'>veram</span> <span class='ocrx_word' id='word_1_211' title='bbox 823 3441 964 3485; x_wconf 87' lang='lat' dir='ltr'>esse</span> <span class='ocrx_word' id='word_1_212' title='bbox 1010 3420 1354 3504; x_wconf 86' lang='lat' dir='ltr'>fateamur,</span> <span class='ocrx_word' id='word_1_213' title='bbox 1404 3445 1595 3505; x_wconf 85' lang='lat' dir='ltr'>quam</span> <span class='ocrx_word' id='word_1_214' title='bbox 1643 3428 1783 3488; x_wconf 87' lang='lat' dir='ltr'>tota</span> <span class='ocrx_word' id='word_1_215' title='bbox 1828 3445 1945 3506; x_wconf 89' lang='lat' dir='ltr'>per</span> <span class='ocrx_word' id='word_1_216' title='bbox 1991 3424 2210 3488; x_wconf 89' lang='lat' dir='ltr'>orbem</span> <span class='ocrx_word' id='word_1_217' title='bbox 2255 3429 2573 3489; x_wconf 88' lang='lat' dir='ltr'>terrarum</span> 
     </span>
     <span class='ocr_line' id='line_1_29' title="bbox 327 3524 2574 3612; baseline 0.002 -24"><span class='ocrx_word' id='word_1_218' title='bbox 327 3524 672 3590; x_wconf 89' lang='lat' dir='ltr'>confitetur</span> <span class='ocrx_word' id='word_1_219' title='bbox 732 3527 1035 3609; x_wconf 87' lang='lat' dir='ltr'>ecclesia,</span> <span class='ocrx_word' id='word_1_220' title='bbox 1098 3529 1553 3612; x_wconf 90' lang='lat' dir='ltr'>antiquitatem</span> <span class='ocrx_word' id='word_1_221' title='bbox 1608 3552 1758 3596; x_wconf 88' lang='lat' dir='ltr'>vero</span> <span class='ocrx_word' id='word_1_222' title='bbox 1814 3531 1939 3611; x_wconf 84' lang='lat' dir='ltr'>ita,</span> <span class='ocrx_word' id='word_1_223' title='bbox 2005 3531 2059 3594; x_wconf 92' lang='lat' dir='ltr'>si</span> <span class='ocrx_word' id='word_1_224' title='bbox 2105 3531 2186 3595; x_wconf 85' lang='lat' dir='ltr'>ab</span> <span class='ocrx_word' id='word_1_225' title='bbox 2233 3530 2330 3594; x_wconf 90' lang='lat' dir='ltr'>his</span> <span class='ocrx_word' id='word_1_226' title='bbox 2378 3530 2574 3594; x_wconf 88' lang='lat' dir='ltr'>sensi·</span> 
     </span>
     <span class='ocr_line' id='line_1_30' title="bbox 322 3633 2573 3720; baseline 0.003 -25"><span class='ocrx_word' id='word_1_227' title='bbox 322 3633 446 3696; x_wconf 91' lang='lat' dir='ltr'>bus</span> <span class='ocrx_word' id='word_1_228' title='bbox 493 3633 858 3698; x_wconf 90' lang='lat' dir='ltr'>nullatenus</span> <span class='ocrx_word' id='word_1_229' title='bbox 904 3635 1307 3718; x_wconf 81' lang='lat' dir='ltr'>recedamuS,</span> <span class='ocrx_word' id='word_1_230' title='bbox 1372 3659 1535 3719; x_wconf 89' lang='lat' dir='ltr'>quos</span> <span class='ocrx_word' id='word_1_231' title='bbox 1598 3643 1857 3702; x_wconf 90' lang='lat' dir='ltr'>sanctos</span> <span class='ocrx_word' id='word_1_232' title='bbox 1903 3638 2183 3702; x_wconf 88' lang='lat' dir='ltr'>maiores</span> <span class='ocrx_word' id='word_1_233' title='bbox 2232 3659 2307 3702; x_wconf 91' lang='lat' dir='ltr'>ac</span> <span class='ocrx_word' id='word_1_234' title='bbox 2353 3642 2573 3720; x_wconf 91' lang='lat' dir='ltr'>patres</span> 
     </span>
     <span class='ocr_line' id='line_1_31' title="bbox 320 3741 2645 3828; baseline 0.001 -25"><span class='ocrx_word' id='word_1_235' title='bbox 320 3745 590 3805; x_wconf 87' lang='lat' dir='ltr'>nostros</span> <span class='ocrx_word' id='word_1_236' title='bbox 649 3741 1005 3807; x_wconf 89' lang='lat' dir='ltr'>celebrasse</span> <span class='ocrx_word' id='word_1_237' title='bbox 1073 3744 1486 3809; x_wconf 83' lang='lat' dir='ltr'>manifestum</span> <span class='ocrx_word' id='word_1_238' title='bbox 1558 3750 1692 3823; x_wconf 86' lang='lat' dir='ltr'>est,</span> <span class='ocrx_word' id='word_1_239' title='bbox 1756 3745 2244 3809; x_wconf 89' lang='lat' dir='ltr'>consensionem</span> <span class='ocrx_word' id='word_1_240' title='bbox 2314 3766 2572 3828; x_wconf 92' lang='lat' dir='ltr'>quoque</span> <span class='ocrx_word' id='word_1_241' title='bbox 2592 3767 2645 3806; x_wconf 84' lang='lat'>30</span> 
     </span>
     <span class='ocr_line' id='line_1_32' title="bbox 322 3846 2573 3933; baseline 0.003 -25"><span class='ocrx_word' id='word_1_242' title='bbox 322 3846 563 3929; x_wconf 91' lang='lat' dir='ltr'>itidem,</span> <span class='ocrx_word' id='word_1_243' title='bbox 613 3847 669 3911; x_wconf 90' lang='lat' dir='ltr'>si</span> <span class='ocrx_word' id='word_1_244' title='bbox 713 3848 780 3911; x_wconf 92' lang='lat' dir='ltr'>in</span> <span class='ocrx_word' id='word_1_245' title='bbox 824 3848 968 3930; x_wconf 91' lang='lat' dir='ltr'>ipsa</span> <span class='ocrx_word' id='word_1_246' title='bbox 1011 3855 1335 3915; x_wconf 86' lang='lat' dir='ltr'>vetustate</span> <span class='ocrx_word' id='word_1_247' title='bbox 1383 3850 1664 3915; x_wconf 90' lang='lat' dir='ltr'>omnium</span> <span class='ocrx_word' id='word_1_248' title='bbox 1710 3852 1808 3916; x_wconf 87' lang='lat' dir='ltr'>vel</span> <span class='ocrx_word' id='word_1_249' title='bbox 1841 3856 2016 3916; x_wconf 90' lang='lat' dir='ltr'>certe</span> <span class='ocrx_word' id='word_1_250' title='bbox 2048 3871 2255 3933; x_wconf 88' lang='lat' dir='ltr'>paene</span> <span class='ocrx_word' id='word_1_251' title='bbox 2290 3853 2573 3915; x_wconf 93' lang='lat' dir='ltr'>omnium</span> 
     </span>
     <span class='ocr_line' id='line_1_33' title="bbox 327 3954 2571 4041; baseline 0.002 -25"><span class='ocrx_word' id='word_1_252' title='bbox 327 3954 730 4020; x_wconf 89' lang='lat' dir='ltr'>sacerdotum</span> <span class='ocrx_word' id='word_1_253' title='bbox 770 3956 1017 4038; x_wconf 90' lang='lat' dir='ltr'>pariter</span> <span class='ocrx_word' id='word_1_254' title='bbox 1057 3967 1123 4021; x_wconf 93' lang='lat' dir='ltr'>et</span> <span class='ocrx_word' id='word_1_255' title='bbox 1161 3958 1624 4041; x_wconf 87' lang='lat' dir='ltr'>magistrorum</span> <span class='ocrx_word' id='word_1_256' title='bbox 1656 3957 2057 4023; x_wconf 89' lang='lat' dir='ltr'>definitiones</span> <span class='ocrx_word' id='word_1_257' title='bbox 2090 3959 2571 4040; x_wconf 88' lang='lat' dir='ltr'>sententiasque</span> 
     </span>
     <span class='ocr_line' id='line_1_34' title="bbox 326 4063 659 4126; baseline 0.012 -4"><span class='ocrx_word' id='word_1_258' title='bbox 326 4063 659 4126; x_wconf 87' lang='lat' dir='ltr'>sectemur.</span> 
     </span>
    </p>
   </div>
   <div class='ocr_carea' id='block_1_3' title="bbox 2144 4188 2215 4242">
    <p class='ocr_par' dir='ltr' id='par_1_5' title="bbox 2144 4188 2215 4242">
     <span class='ocr_line' id='line_1_35' title="bbox 2144 4188 2215 4242; baseline 0 -21"><span class='ocrx_word' id='word_1_259' title='bbox 2144 4188 2215 4242; x_wconf 83' lang='grc'><strong>1*</strong></span> 
     </span>
    </p>
   </div>
  </div>
 </body>
</html>
