3092 4717
1011 449 1223 506 xvm
1258 449 1562 522 (ao-XX
1601 452 1733 518 (25).
2408 453 2493 513 29

241 613 348 678 lici
378 613 722 697 dogmatiS,
769 612 835 676 id
867 618 968 678 est
997 612 1374 677 universalis
1405 632 1481 676 ac
1512 616 1806 676 vetustae
1838 609 1987 675 fidei
2017 631 2246 693 parum
2276 616 2492 690 tenaX,

241 741 319 785 ac
367 720 673 786 disertior
716 720 920 785 multo
971 741 1163 803 quam
1210 719 1478 802 felicior,
1527 724 1775 783 mutata
1821 719 2124 801 deinceps
2172 717 2497 783 sententia

241 828 397 893 fecit
446 828 532 892 ad
580 832 966 910 extremum,
1026 826 1199 910 quod
1263 827 1344 891 de
1405 847 1480 891 eo
1535 826 1767 891 beatus
1823 826 2158 891 confessor
2201 823 2495 889 Hilarius

243 933 527 1017 quodam
571 934 718 1000 loco
762 935 1016 1000 scribit:
1064 942 1391 1016 sequenti,
1422 934 1650 1017 inquit,
1687 955 1921 999 errore
1952 936 2255 998 detraoeil
2284 939 2495 1014 serip-

243 1050 332 1108 tis
369 1046 843 1126 probabilibus
889 1050 1394 1123 auctoritatem3
1443 1047 1509 1106 et
1555 1041 1677 1106 fuit
1722 1041 1861 1123 ipse
1910 1061 2168 1123 quoque
2197 1040 2265 1103 in
2296 1038 2543 1103 eccle-5

243 1150 336 1214 sia
397 1171 635 1232 magna
691 1150 994 1215 tentatio.
1087 1148 1219 1215 Sed
1265 1149 1345 1213 de
1391 1149 1515 1214 hoc
1569 1148 1720 1213 nolo
1777 1146 1967 1231 plura
2012 1147 2246 1213 dicere.
2340 1146 2495 1211 Hoc

242 1262 501 1321 tantum
548 1256 1099 1338 commemorabo,
1163 1257 1339 1339 quod
1386 1262 1618 1321 contra
1662 1254 1882 1339 Moysi
1924 1261 2346 1338 praeceptum
2391 1274 2495 1317 ex-

244 1369 585 1446 surgentes
639 1366 706 1428 in
762 1364 1034 1429 ecclesia
1077 1363 1361 1428 novellas
1408 1362 1713 1427 Montani
1758 1361 1958 1427 furias
2006 1366 2071 1426 et
2115 1361 2345 1425 insana
2389 1359 2498 1424 illa

244 1471 615 1534 insanarum
644 1470 981 1536 mulierum
1009 1471 1232 1536 novitii
1265 1470 1587 1553 dogmatis
1619 1470 1868 1535 somnia
1900 1488 2082 1533 veras
2120 1467 2496 1552 prophetias

249 1576 690 1642 adseverando
738 1578 1000 1660 meruit,
1064 1583 1138 1642 ut
1183 1578 1264 1642 de
1312 1600 1379 1643 se
1429 1598 1684 1661 quoque
1732 1584 1799 1641 et
1845 1576 2179 1659 scripturis
2228 1575 2359 1639 suis
2406 1573 2494 1637 di·
2515 1593 2569 1633 ιο

252 1689 538 1749 ceretur:
590 1693 655 1750 si
699 1694 1087 1751 &terrea-erit
1132 1693 1203 1751 in
1249 1690 1467 1751 medio
1501 1693 1603 1751 tui
1632 1688 1987 1768 propheta,
2034 1689 2102 1748 et
2131 1705 2314 1748 mox:
2364 1704 2497 1747 non

256 1797 485 1858 audies
531 1796 733 1857 verba
774 1797 1143 1876 prophetae
1188 1798 1416 1873 illius;
1473 1814 1675 1876 quare
1694 1793 1727 1856 P
1776 1800 1956 1874 quia,
2004 1792 2236 1875 inquit,
2284 1800 2503 1856 tentat

262 1920 363 1965 vos
407 1902 721 1965 dominus
768 1910 1012 1981 vester,
1062 1910 1286 1965 utrum
1334 1905 1645 1981 dz'lz‘yacis
1691 1921 1838 1964 eum
1887 1921 1974 1964 an
2021 1921 2170 1964 non.

424 2006 636 2071 XIX.
686 2007 813 2072 His
851 2008 1049 2089 igitur
1084 2012 1189 2071 tot
1230 2028 1307 2072 ac
1336 2008 1536 2072 tantis
1568 2009 1928 2090 ceterisque
1961 2005 2270 2072 eiusmodi
2302 2005 2500 2071 eccle-

265 2112 654 2178 siasticorum
702 2114 1140 2197 exemplorum
1186 2113 1462 2179 molibus
1509 2113 1839 2179 evidenter
1893 2113 2227 2178 advertere
2284 2118 2350 2178 et
2406 2133 2499 2177 se·
2519 2134 2573 2174 15

264 2220 530 2284 cundum
580 2219 1072 2286 Deuteronomii
1118 2220 1291 2304 leges
1336 2220 1478 2285 luce
1511 2220 1745 2285 clarius
1776 2220 2135 2303 intelligere
2169 2219 2497 2302 debemus,

257 2327 446 2410 quod,
495 2327 552 2391 si
597 2328 856 2410 quando
906 2328 1139 2411 aliquis
1186 2328 1661 2393 ecclesiasticus
1707 2328 2013 2411 magister
2060 2350 2099 2393 a
2142 2326 2271 2392 fide
2319 2327 2499 2392 aber-

253 2436 506 2517 raverit,
567 2435 651 2500 ad
712 2437 1140 2501 tentationem
1194 2434 1260 2499 id
1303 2442 1598 2500 nostram
1652 2433 1791 2500 fieri
1835 2436 2245 2518 providentia
2290 2435 2503 2500 divina

251 2543 574 2625 patiatur,
629 2554 852 2608 utrum
911 2549 1268 2626 diligamus
1316 2544 1508 2609 deum
1557 2565 1644 2608 an
1691 2565 1823 2609 non
1879 2550 1950 2608 in
1998 2553 2138 2608 toto
2187 2547 2389 2608 corde
2436 2554 2501 2608 et

252 2657 320 2715 in
369 2660 516 2715 tota
562 2658 791 2715 anima
835 2658 1084 2716 nostra.
2521 2670 2577 2708 20

427 2757 598 2821 XX.
651 2758 795 2844 (25)
843 2755 1026 2840 Quae
1058 2779 1205 2822 cum
1235 2759 1328 2822 ita
1358 2758 1506 2837 sint,
1539 2757 1646 2822 ille
1678 2763 1780 2821 est
1811 2778 1998 2821 verus
2047 2764 2114 2822 et
2162 2778 2504 2841 germanus

254 2864 609 2929 catholicus
632 2914 650 2947 ,
699 2865 809 2948 qui
849 2866 1185 2930 veritatem
1226 2865 1350 2948 dei,
1399 2867 1508 2948 qui
1539 2864 1899 2947 ecclesiam,
1949 2866 2062 2948 qui
2092 2863 2333 2929 Christi
2365 2887 2504 2930 cor·

254 2994 374 3055 pus
439 2972 669 3054 diligit,
734 2974 845 3055 qui
906 2973 1156 3038 divinae
1215 2974 1526 3057 religioni,
1591 2974 1702 3057 qui
1747 2974 2107 3039 catholicae
2154 2971 2304 3039 fidei
2349 2975 2507 3039 nihil

254 3081 616 3163 praeponit,
650 3101 782 3144 non
818 3080 1092 3145 hominis
1125 3081 1478 3164 cuiuspiam
1509 3081 1988 3163 auctoritatem,
2036 3102 2168 3146 non
2200 3102 2503 3164 amorem,

255 3208 384 3252 non
431 3186 776 3269 ingenium,
826 3208 958 3252 non
1006 3187 1452 3270 eloquentiam,
1499 3209 1630 3253 non
1660 3187 2152 3271 philosophiam,
2201 3188 2316 3253 sed
2345 3189 2506 3253 haec
2527 3212 2581 3253 25

259 3299 495 3359 cuncta
542 3293 900 3377 despiciens
949 3299 1032 3376 et,
1080 3296 1148 3359 in
1192 3294 1319 3360 fide
1363 3294 1547 3374 fixuS,
1597 3294 1841 3360 stabilis
1872 3315 2279 3378 permanens,
2329 3296 2508 3378 quid-

261 3402 413 3485 quid
475 3402 921 3467 universaliter
980 3403 1338 3486 antiquitus
1401 3402 1736 3468 ecclesiam
1793 3401 2176 3467 catholicam
2222 3403 2507 3468 tenuisse

263 3509 658 3592 cognoverit,
705 3509 774 3573 id
820 3510 1030 3574 solum
1075 3510 1195 3575 sibi
1239 3508 1585 3575 tenendum
1635 3508 2154 3591 credendumque
2201 3508 2509 3590 decernit,

263 3616 576 3699 quidquid
641 3638 793 3681 vero
855 3616 937 3681 ab
997 3617 1214 3700 aliquo
1278 3616 1581 3699 deinceps
1639 3638 1770 3682 uno
1827 3622 2088 3700 praeter
2145 3638 2365 3681 omnes
2411 3616 2512 3680 vel

265 3730 493 3789 contra
541 3744 765 3788 omnes
813 3729 1074 3789 sanctos
1137 3745 1370 3789 novum
1431 3731 1498 3788 et
1556 3724 1915 3789 inauditum
1972 3723 2311 3788 subinduci
2375 3744 2512 3788 sen·
2533 3743 2586 3790 30'

444 3976 481 4026 4
517 3973 768 4028 Hilarius
808 3978 1102 4029 comment.
1140 3974 1198 4027 in
1235 3973 1440 4028 Matth.
1466 3975 1516 4040 5,
1560 3976 1607 4027 1.
1915 3975 1977 4028 11
2018 3974 2180 4028 Deut.
2223 3976 2316 4041 13,
2357 3975 2512 4027 1—3.

272 4063 336 4117 16
374 4061 536 4119 Deut.
579 4066 663 4132 13,
704 4066 754 4119 3.
970 4066 1041 4117 22
1080 4062 1148 4122 cf.
1188 4063 1334 4133 Eph.
1375 4065 1422 4133 1,
1460 4066 1549 4117 23.
