3092 4717
600 456 640 516 2
1567 455 1736 511 I--II
1774 457 1870 527 (1).

597 613 772 678 tione
818 612 958 678 fieri
1003 615 1211 697 possit
1257 615 1435 699 illud,
1485 617 1662 699 quod
1710 619 1963 682 canitur
2007 619 2074 683 in
2118 620 2402 703 psalmo:
2461 633 2716 703 vacate,
2759 624 2855 689 in-

597 720 765 802 quit,
831 731 903 785 et
952 726 1200 804 videte,
1264 732 1579 805 quoniam
1627 747 1746 807 eyo
1795 748 1942 791 sum
1992 730 2320 792 dominus.
2416 727 2548 794 Sed
2595 736 2662 795 et
2705 752 2853 813 pro·

594 826 789 909 positi
819 829 1029 893 nostri
1060 830 1225 895 ratio
1258 830 1325 893 in
1354 830 1424 895 id
1456 833 1776 914 convenit,
1827 833 2064 916 quippe
2098 834 2228 917 qui,
2278 856 2424 900 cum
2477 837 2850 920 aliquandiu

595 935 783 999 variis
831 957 907 999 ac
956 937 1249 1002 tristibus
1298 938 1645 1003 saecularis
1700 940 1964 1005 militiae
2022 941 2385 1007 turbinibus
2432 944 2847 1029 volveremur,

546 1042 854 1106 standem
899 1064 1020 1108 nos
1066 1044 1133 1108 in
1176 1051 1442 1127 portum
1486 1046 1834 1129 religionis,
1884 1048 2133 1112 cunctis
2167 1070 2421 1132 semper
2450 1049 2847 1135 fidissimum,

592 1146 850 1214 Christo
900 1150 1271 1234 adspirante
1321 1152 1751 1235 condidimus,
1810 1158 1883 1218 ut
1928 1154 2019 1219 ibi
2066 1156 2376 1239 depositis
2423 1158 2724 1223 vanitatis
2772 1181 2847 1225 ac

592 1256 928 1339 superbiae
974 1256 1234 1323 flatibus
1284 1259 1669 1325 christianae
1716 1261 2096 1326 humilitatis
2144 1262 2457 1328 sacrificio
2513 1264 2843 1347 placantes

592 1362 781 1428 deum
826 1386 959 1430 non
1006 1365 1214 1429 solum
1259 1369 1619 1449 praesentis
1664 1368 1834 1433 vitae
1880 1369 2219 1452 naufragia
2264 1370 2380 1435 sed
2421 1371 2612 1436 etiam
2644 1372 2844 1437 futuri

590 1471 830 1535 saeculi
874 1470 1172 1537 incendia
1217 1474 1419 1538 vitare
1465 1475 1807 1557 possimus,

518 1605 569 1644 10
768 1576 901 1644 Sed
945 1581 1075 1644 iam
1120 1581 1187 1644 in
1231 1582 1490 1647 nomine
1539 1582 1801 1663 domini,
1863 1582 2040 1665 quod
2085 1582 2304 1664 instat,
2363 1584 2724 1669 adgrediar,
2772 1592 2845 1651 ut

588 1684 831 1751 scilicet
876 1708 917 1751 a
960 1687 1308 1752 maioribus
1355 1688 1601 1753 tradita
1646 1695 1712 1753 et
1744 1690 1917 1772 apud
1962 1712 2082 1754 nos
2130 1690 2429 1773 deposita
2461 1692 2840 1777 describam,

585 1791 884 1857 relatoris
915 1792 1044 1859 fide
1077 1795 1294 1876 potius
1327 1818 1520 1878 quam
1553 1797 1840 1861 auctoris
1873 1798 2415 1880 praesumptione,
2464 1799 2585 1864 hac
2625 1805 2841 1865 tamen

587 1899 912 1964 scribendi
956 1900 1097 1984 lege
1146 1909 1420 1985 servata,
1470 1909 1542 1968 ut
1587 1925 1994 1987 nequaquam
2042 1905 2256 1970 omnia
2296 1905 2410 1968 sed
2449 1911 2700 1971 tantum
2733 1928 2838 1971 ne-

587 2009 865 2073 cessaria
913 2030 1206 2093 quaeque
1250 2012 1702 2095 perstringam,
1750 2032 1959 2095 neque
1999 2012 2067 2076 id
2100 2017 2331 2078 ornato
2366 2018 2431 2078 et
2463 2020 2691 2079 exacto
2726 2012 2839 2078 sed

513 2140 564 2179 15
583 2113 756 2179 facili
803 2118 1251 2201 communique
1309 2141 1635 2201 sermone,
1700 2124 1774 2183 ut
1835 2119 2142 2203 pleraque
2203 2118 2561 2203 significata
2618 2122 2837 2203 potius

584 2244 778 2304 quam
810 2225 1129 2307 explicata
1158 2225 1517 2291 videantur.
1614 2225 1916 2292 Scribant
1947 2226 2013 2289 hi
2049 2227 2226 2289 laute
2260 2233 2325 2289 et
2356 2231 2678 2304 accurate,
2725 2228 2835 2306 qui

582 2328 669 2393 ad
714 2330 839 2394 hoc
885 2352 1117 2394 munus
1164 2332 1265 2394 vel
1310 2332 1550 2414 ingenii
1595 2331 1831 2394 fiducia
1885 2331 1985 2393 vel
2041 2328 2234 2394 officii
2287 2329 2540 2393 ratione
2597 2330 2834 2393 ducun-

581 2442 709 2503 tur.
802 2436 917 2502 Me
964 2459 1115 2502 vero
1165 2438 1592 2503 sublevandae
1623 2437 2088 2502 recordationis
2119 2437 2219 2501 vel
2246 2437 2466 2519 potius
2501 2436 2833 2502 oblivionis

581 2565 762 2607 meae
796 2543 1010 2625 gratia
1043 2545 1607 2610 commonitorium
1648 2544 1935 2609 mihimet
1965 2564 2229 2627 parasse
2262 2542 2607 2624 suffecerit,
2659 2544 2833 2627 quod

509 2655 795 2715 zotamen
839 2650 1150 2732 paulatim
1178 2649 1549 2731 recolendo,
1601 2673 1766 2734 quae
1813 2650 2026 2733 didici,
2075 2649 2416 2715 emendare
2464 2654 2528 2714 et
2572 2649 2834 2733 implere

581 2757 871 2840 quotidie
921 2757 1182 2823 domino
1230 2765 1605 2842 praestante
1652 2759 1957 2824 conabor.
2043 2755 2269 2841 Atque
2315 2757 2439 2822 hoc
2484 2758 2695 2840 ipsum
2739 2756 2832 2821 id-

581 2863 753 2929 circo
801 2865 1199 2946 praemonui,
1247 2872 1339 2946 ut,
1389 2866 1442 2930 si
1488 2864 1661 2930 forte
1708 2864 1998 2947 elapsum
2042 2864 2227 2929 nobis
2275 2863 2339 2928 in
2385 2884 2611 2927 manus
2653 2883 2833 2928 sanc-

579 2976 797 3034 torum
843 2970 1193 3050 devenerit,
1244 2971 1399 3034 nihil
1445 2972 1512 3034 in
1561 2993 1637 3036 eo
1686 2977 1927 3035 temere
1959 2970 2457 3053 reprehendant,
2507 2970 2679 3052 quod
2722 2969 2831 3035 ad-

579 3076 705 3141 huc
749 3076 1009 3142 videant
1053 3079 1372 3160 promissa
1419 3077 1868 3143 emendatione
1913 3076 2284 3144 limandum.

507 3209 561 3249 25
757 3183 848 3249 ΙΙ.
899 3185 991 3269 (1)
1025 3181 1231 3268 Saepe
1262 3184 1458 3268 igitur
1502 3206 1738 3267 magno
1790 3183 2001 3248 studio
2051 3188 2118 3248 et
2165 3205 2413 3247 summa
2457 3182 2832 3247 adtentione

578 3292 954 3374 perquirens
1002 3313 1042 3356 a
1088 3314 1280 3375 quam
1326 3291 1617 3375 plurimis
1665 3292 2014 3356 sanctitate
2063 3295 2127 3355 et
2174 3290 2472 3355 doctrina
2501 3295 2831 3372 praestan-

579 3399 751 3464 tibus
813 3398 994 3478 viriS,
1065 3399 1544 3481 quonammodo
1611 3400 1854 3482 possim
1927 3405 2105 3464 certa
2178 3397 2458 3481 quadam
2513 3402 2579 3462 et
2649 3398 2833 3480 quasi

580 3505 865 3588 generali
910 3527 987 3570 ac
1033 3505 1312 3589 regulari
1356 3507 1458 3570 via
1505 3505 1861 3571 catholicae
1907 3505 2058 3569 fidei
2103 3506 2440 3569 veritatem
2487 3504 2568 3569 ab
2613 3505 2829 3569 haere-

577 3615 744 3677 ticae
775 3612 1109 3696 pravitatis
1141 3613 1421 3678 falsitate
1456 3612 1839 3695 discernere,
1886 3611 2250 3677 huiusmodi
2283 3632 2536 3694 semper
2565 3629 2825 3691 respon-

507 3742 721 3786 sosum
769 3721 850 3784 ab
902 3720 1196 3788 omnibus
1243 3719 1376 3785 fere
1423 3720 1636 3800 retuli,
1696 3720 1892 3803 quod,
1952 3720 2082 3783 sive
2130 3741 2250 3802 ego
2299 3719 2430 3783 sive
2478 3719 2618 3801 quis
2664 3713 2826 3778 alius

579 3827 768 3892 vellet
830 3829 1316 3913 exsurgentium
1373 3828 1850 3893 haereticorum
1904 3825 2165 3890 fraudes
2213 3822 2692 3909 deprehendere
2736 3819 2827 3884 la-

761 4062 789 4114 1
829 4060 921 4115 Pe.
959 4060 1031 4115 45
1070 4059 1205 4128 (46),
1246 4060 1331 4112 11.
